3016 5000
737 297 914 379 -4110-

355 527 443 612 χορὸς
463 531 659 608 πεντήκοντα
680 518 772 606 ἦσαν,
795 528 868 610 ἄχρι
888 523 952 590 τῶν
970 523 1153 606 Εὐμενίδων
1171 527 1296 613 Αἰσχύ-

354 647 427 712 λου·
451 647 527 733 acic
547 645 581 711 δὲ
600 647 656 714 τὸν
675 644 769 732 ὄχλον
792 646 899 712 αὐτῶν
924 651 980 710 τοῦ
1004 643 1147 728 πλήθους
1165 648 1296 733 lauroq-

353 769 485 846 θέντος,
510 766 702 835 συνέστειλεν
721 771 741 832 ὁ
759 771 851 850 νόμος
875 770 918 842 εἷς
941 765 1058 832 ἐλάττω
1079 769 1215 854 ἀριθμὸν
1239 772 1296 836 τὸν

354 893 455 976 χορόν.

800 976 842 1043 V.

393 1127 514 1194 Parum
540 1129 644 1193 firmis
668 1129 870 1216 argumentis
893 1129 1008 1194 nititur
1030 1129 1072 1195 Κ.
1085 1129 1126 1196 Ο.
1144 1128 1292 1196 Muelleri

350 1249 460 1332 opinio
492 1252 531 1314 de
556 1249 794 1336 quinquaginta
826 1247 1061 1316 choreutarum
1093 1273 1235 1317 numero
1259 1267 1292 1318 ct

350 1370 587 1454 quadripartita
619 1391 736 1435 eorum
763 1371 798 1434 in
824 1385 966 1457 quatuor
998 1373 1186 1461 tetralogiae
1216 1396 1292 1459 par-

348 1505 395 1556 tes
417 1491 653 1559 distributione.

790 1611 850 1678 VI.

390 1765 582 1830 Aestimatio
600 1764 744 1849 partium
760 1761 861 1828 Chori
878 1762 913 1828 in
924 1763 1133 1850 Clodblroris
1153 1787 1292 1853 magno·

345 1909 423 1972 pere
452 1888 573 1974 pandet
604 1885 771 1972 ajudicio
801 1888 840 1952 de
865 1887 1105 1973 protagonistae
1140 1885 1289 1977 (Orestis)
1397 1901 1399 1910 ’

344 2009 502 2078 moribus.
532 2007 640 2094 Quem
659 2008 715 2094 qui
727 2011 871 2073 ferocem
888 2022 920 2076 et
934 2008 1089 2074 audacem
1106 2008 1165 2072 sibi
1182 1991 1290 2074 infor-

346 2145 453 2210 mant‚
471 2144 509 2200 ut
526 2131 678 2202 Westrik
695 2131 727 2195 in
743 2131 888 2216 Disput.
909 2128 949 2195 de
960 2129 1126 2216 Aeschyli
1144 2129 1288 2216 Clroi'plr.

344 2267 406 2346 etc.
439 2275 473 2337 p.
504 2253 587 2329 152,
625 2253 730 2317 eidem
761 2251 931 2339 suffragari
961 2263 1096 2336 possunt
1135 2247 1288 2316 Choricas

342 2373 671 2459 partesimprobanti,
695 2394 728 2456 p.
751 2375 815 2437 155
834 2394 924 2459 seqq.
948 2371 1058 2438 Potius
1076 2392 1154 2437 vcro
1165 2369 1287 2437 Orestis

342 2516 449 2562 mores
471 2496 606 2561 leuiores
629 2494 755 2560 dicandi
777 2507 864 2559 sunt.

777 2645 855 2715 VII.

383 2803 481 2869 Ratio
505 2822 564 2867 cur
586 2803 699 2887 uulgo,
723 2813 856 2864 auctore
877 2795 1012 2866 Horatio
1034 2797 1068 2860 in
1091 2795 1213 2884 Epist.
1238 2796 1287 2862 od

340 2924 420 2992 Pis.
443 2943 494 2990 vs.
517 2921 580 2989 182
604 2945 695 3009 sqq,
728 2923 815 2987 facta
846 2919 1007 2987 atrociora
1038 2921 1078 2986 de
1105 2942 1200 3006 sequa
1222 2923 1284 2986 tol·

339 3048 434 3112 lenda
454 3045 619 3132 judicant,
651 3044 685 3109 in
717 3043 867 3134 Aeschyli
892 3043 1072 3131 tragoedias
1095 3043 1183 3107 haud
1205 3029 1283 3108 con·

338 3169 437 3234 venit.

762 3253 855 3320 VIII.

381 3407 553 3473 Probabile
575 3416 638 3485 est,
662 3405 830 3492 Sophoclis
851 3420 955 3474 aetate
972 3409 1074 3494 positis
1090 3407 1218 3496 tragicis
1237 3407 1281 3471 li·

339 3530 438 3596 cuisse
456 3528 522 3594 siue
538 3528 698 3615 singulas,
718 3528 783 3594 sive
801 3531 909 3613 plures
924 3529 1049 3596 fabulas
1065 3531 1100 3595 in
1116 3527 1279 3617 tragicum

340 3671 476 3738 agonem
497 3649 715 3716 committere.

718 3851 721 3856 ,
787 3803 846 3870 IX.

381 3956 594 4043 Τετραλογίας
616 3955 783 4022 notionem
807 3956 903 4021 nimis
927 3958 1068 4046 angustis
1091 3958 1210 4024 linibus
1228 3959 1277 4022 in·

336 4063 429 4144 clusit
455 4077 633 4154 waldker,
657 4074 817 4166 Aesclql.
843 4077 935 4146 Trit.
961 4101 995 4163 p.
1017 4080 1081 4143 508
1105 4101 1177 4165 sqq.
