2902 5004
592 306 778 389 -439

204 550 277 601 tum
301 534 488 619 praesertim
514 531 616 598 Cbori
640 533 723 598 ratio
754 504 787 598 et
813 546 930 617 partes.
976 531 1036 597 Hic
1059 534 1146 598 enim

205 656 303 722 totius
328 655 464 720 actionis
495 667 611 718 auctor
640 667 686 718 est
720 667 754 718 ot
787 656 930 719 effector.
976 651 1148 718 NamDa·

205 778 338 842 naidum
371 797 421 841 res
456 777 524 841 sola
557 775 685 862 agitur,
720 775 870 860 ipsaeque
906 771 1054 858 precibus
1087 777 1149 840 suis

203 900 364 974 efficiunt,
394 909 433 960 ut
456 894 638 979 hospitium
672 895 732 960 sibi
766 893 808 959 ab
843 895 971 980 Argivis
995 899 1149 960 conceda·

204 1036 279 1086 tur:
304 1021 395 1105 quod
417 1015 517 1102 hujus
540 1017 668 1082 fabulae
691 1031 928 1104 argumentum
941 1028 999 1082 est.
1024 1014 1149 1102 Quam·

205 1163 308 1227 quam
337 1152 449 1203 autem
485 1137 632 1224 Pelasgus
665 1137 788 1222 primas
808 1139 897 1225 agit,
920 1139 1079 1204 sustinent
1101 1151 1150 1202 ta·

206 1283 285 1326 men
307 1260 466 1324 Danaides
489 1281 525 1324 ea
556 1268 668 1344 παθη,
705 1281 788 1344 quae
820 1261 963 1346 alioquin
996 1273 1150 1347 protago-

207 1385 308 1446 nistae
332 1381 543 1460 tribuuntur3
577 1394 609 1446 et
644 1382 678 1445 in
710 1382 835 1468 agendo
871 1380 968 1446 etiam
993 1405 1030 1446 ac
1052 1383 1150 1447 collo-

208 1505 339 1588 quendo
361 1505 457 1589 longe
479 1502 680 1587 gravissimas
711 1524 776 1567 esse
800 1500 901 1568 Chori
934 1516 1058 1586 partes,
1080 1504 1150 1587 jam

208 1647 317 1708 supra,
342 1626 448 1700 credo,
471 1624 545 1689 satis
569 1623 871 1690 animadvertimus.
916 1623 1028 1689 Restat
1051 1625 1151 1689 modo

208 1759 246 1810 ut
269 1754 398 1821 artem,
431 1767 497 1830 qua
530 1744 706 1831 Aeschylus
737 1745 839 1832 lyrica
863 1745 1010 1811 carmina
1032 1745 1067 1808 in
1090 1746 1152 1810 hao

207 1865 372 1951 tragoedia
394 1865 575 1951 digesserit,
600 1879 783 1952 tangamus.

253 1987 363 2050 Etiam
398 1984 454 2052 hic
497 1984 624 2051 Chorus
659 1985 850 2071 προλογίζει.
907 1984 982 2070 Quo
1016 1947 1153 2072 prolopo

210 2129 288 2171 cum
321 2106 454 2182 omnia,
490 2127 574 2191 quae
600 2107 836 2190 spectatoribus
858 2107 938 2172 scire
972 2128 1055 2191 opus
1090 2107 1152 2182 sit,

208 2227 429 2302 continentur,
452 2241 526 2292 tum
550 2228 648 2294 etiam
665 2231 787 2293 horum
810 2229 912 2293 animi
934 2231 975 2293 ad
999 2232 1151 2292 futurum

206 2349 362 2414 dramatis
375 2349 500 2414 exitum
512 2365 761 2434 praeparantur,
770 2351 909 2434 perinde
922 2364 1021 2435 atque
1033 2350 1066 2412 in
1075 2350 1153 2413 Per·

206 2492 318 2536 aarum
343 2473 475 2554 parodo.
521 2471 656 2546 Deinde,
682 2479 755 2554 post
777 2471 923 2536 diverbia
945 2467 1048 2536 Chori
1073 2492 1149 2534 oum

207 2593 320 2656 Danao
342 2591 527 2679 etPelasg0‚
551 2594 641 2657 hunc
662 2593 801 2676 supplici
825 2593 970 2657 carmine
992 2593 1053 2658 sibi
1077 2613 1154 2676 pro·

207 2713 328 2796 pitium
351 2715 457 2779 reddit
479 2726 579 2800 atque
602 2717 797 2798 persuadet,
820 2728 859 2779 ut
881 2737 1025 2780 caussam
1059 2736 1154 2780 suam

209 2833 334 2899 civibus
357 2839 579 2903 commendet.
625 2836 741 2922 Itaque
763 2849 801 2901 ut
823 2837 857 2900 in
879 2835 1002 2912 Persis,
1025 2836 1070 2900 sic
1092 2837 1156 2899 hoc

211 2976 344 3040 quoque
374 2960 467 3033 loco,
502 2979 612 3041 preces
641 2957 741 3024 Chori
776 2960 885 3024 valent
919 2959 961 3021 ad
993 2956 1155 3022 actionem

213 3077 455 3140 maturandam.

257 3195 408 3260 Tertium
431 3219 531 3280 porro
554 3201 708 3264 stasimon
734 3202 793 3289 (vs.
819 3197 979 3288 510-594)
1004 3198 1151 3265 historici

209 3319 398 3406 argumenti
426 3332 473 3386 est
495 3334 527 3384 et
549 3323 800 3404 praeteritorum
828 3321 1025 3386 memoriam
1044 3321 1155 3386 <conti-

210 3454 279 3506 net:
305 3439 427 3526 Idaque
450 3443 517 3506 sata
539 3449 574 3506 et
596 3463 720 3508 errores
743 3445 860 3508 eodem
884 3445 983 3508 modo
1000 3455 1156 3528 repetun-

211 3576 285 3639 tur,
322 3561 446 3647 quoin
481 3560 587 3628 Persis
622 3564 700 3629 felix
722 3565 814 3629 Darii
836 3565 1015 3648 imperium
1038 3586 1154 3630 senum

210 3681 357 3746 laudibus
380 3683 564 3750 celebratur
601 3685 660 3784 (vs.
684 3683 866 3760 838-872).
910 3687 1037 3754 Verum
1061 3687 1155 3748 utin

211 3799 416 3886 Supplicibus
450 3806 557 3889 major
592 3807 794 3872 canticorum
831 3806 979 3885 ubertas,
1015 3807 1060 3871 ita
1084 3809 1155 3891 plus

210 3924 310 3989 etiam
334 3925 465 3990 actionis
489 3926 569 3992 inest
586 3949 687 4013 quarn
709 3930 742 3992 in
763 3929 875 3996 Persis.
926 3929 1022 3996 Velut
1042 3929 1156 4015 Legati

213 4048 415 4122 adventum,
452 4062 484 4114 et
518 4070 601 4135 quae
639 4051 728 4114 hunc
761 4052 927 4136 praecedit
961 4050 1154 4138 Supplicum
