<?xml version="1.0" encoding="UTF-8"?>
<!DOCTYPE html PUBLIC "-//W3C//DTD XHTML 1.0 Transitional//EN"
    "http://www.w3.org/TR/xhtml1/DTD/xhtml1-transitional.dtd">
<html xmlns="http://www.w3.org/1999/xhtml" xml:lang="en" lang="en">
 <head>
  <title>
</title>
<meta http-equiv="Content-Type" content="text/html;charset=utf-8" />
  <meta name='ocr-system' content='tesseract 3.04.00' />
  <meta name='ocr-capabilities' content='ocr_page ocr_carea ocr_par ocr_line ocrx_word'/>
</head>
<body>
  <div class='ocr_page' id='page_1' title='image "./dissertatiodech00ekkegoog_0030.png"; bbox 0 0 2902 5004; ppageno 0'>
   <div class='ocr_carea' id='block_1_1' title="bbox 571 361 729 415">
    <p class='ocr_par' dir='ltr' id='par_1_1' title="bbox 571 361 729 415">
     <span class='ocr_line' id='line_1_1' title="bbox 571 361 729 415; baseline 0 -13"><span class='ocrx_word' id='word_1_1' title='bbox 571 361 729 415; x_wconf 55' lang='lat'><strong>„15-</strong></span> 
     </span>
    </p>
   </div>
   <div class='ocr_carea' id='block_1_2' title="bbox 176 559 1140 3790">
    <p class='ocr_par' dir='ltr' id='par_1_2' title="bbox 179 559 1129 1836">
     <span class='ocr_line' id='line_1_2' title="bbox 184 559 1123 644; baseline 0.001 -21"><span class='ocrx_word' id='word_1_2' title='bbox 184 561 314 644; x_wconf 91' lang='lat' dir='ltr'><strong>quidem</strong></span> <span class='ocrx_word' id='word_1_3' title='bbox 338 574 368 624; x_wconf 90' lang='lat' dir='ltr'><strong>et</strong></span> <span class='ocrx_word' id='word_1_4' title='bbox 393 559 492 623; x_wconf 83' lang='lat' dir='ltr'><strong>beatis</strong></span> <span class='ocrx_word' id='word_1_5' title='bbox 517 579 666 642; x_wconf 82' lang='lat' dir='ltr'>parcens,</span> <span class='ocrx_word' id='word_1_6' title='bbox 690 559 714 622; x_wconf 94' lang='lat' dir='ltr'><strong>si</strong></span> <span class='ocrx_word' id='word_1_7' title='bbox 739 560 870 642; x_wconf 91' lang='lat' dir='ltr'><strong>quando</strong></span> <span class='ocrx_word' id='word_1_8' title='bbox 895 559 992 624; x_wconf 90' lang='lat' dir='ltr'><strong>nimia</strong></span> <span class='ocrx_word' id='word_1_9' title='bbox 1017 561 1123 626; x_wconf 91' lang='lat' dir='ltr'><strong>ambi·</strong></span> 
     </span>
     <span class='ocr_line' id='line_1_3' title="bbox 187 679 1129 765; baseline 0 -19"><span class='ocrx_word' id='word_1_10' title='bbox 187 683 269 746; x_wconf 89' lang='lat' dir='ltr'><strong>tione</strong></span> <span class='ocrx_word' id='word_1_11' title='bbox 297 681 420 746; x_wconf 89' lang='lat' dir='ltr'><strong>incitati</strong></span> <span class='ocrx_word' id='word_1_12' title='bbox 453 683 558 744; x_wconf 85' lang='lat' dir='ltr'><strong>audax</strong></span> <span class='ocrx_word' id='word_1_13' title='bbox 593 679 717 744; x_wconf 81' lang='lat' dir='ltr'><strong>facinus</strong></span> <span class='ocrx_word' id='word_1_14' title='bbox 741 681 1019 763; x_wconf 82' lang='lat' dir='ltr'><strong>perpetraverint,</strong></span> <span class='ocrx_word' id='word_1_15' title='bbox 1051 702 1129 765; x_wconf 92' lang='lat' dir='ltr'><strong>pro·</strong></span> 
     </span>
     <span class='ocr_line' id='line_1_4' title="bbox 185 797 1126 888; baseline 0.002 -22"><span class='ocrx_word' id='word_1_16' title='bbox 185 805 317 886; x_wconf 88' lang='lat' dir='ltr'><strong>ponitur</strong></span> <span class='ocrx_word' id='word_1_17' title='bbox 351 803 385 866; x_wconf 93' lang='lat' dir='ltr'><strong>in</strong></span> <span class='ocrx_word' id='word_1_18' title='bbox 417 797 679 887; x_wconf 74' lang='lat' dir='ltr'><strong>Apurnemaone.</strong></span> <span class='ocrx_word' id='word_1_19' title='bbox 727 800 766 863; x_wconf 90' lang='lat' dir='ltr'><strong>ln</strong></span> <span class='ocrx_word' id='word_1_20' title='bbox 799 799 1009 888; x_wconf 69' lang='lat' dir='ltr'><strong>Ctot&#39;ptorta</strong></span> <span class='ocrx_word' id='word_1_21' title='bbox 1045 804 1126 868; x_wconf 85' lang='lat' dir='ltr'><strong>laesa</strong></span> 
     </span>
     <span class='ocr_line' id='line_1_5' title="bbox 179 922 1128 1010; baseline -0.003 -20"><span class='ocrx_word' id='word_1_22' title='bbox 179 926 302 1010; x_wconf 88' lang='lat' dir='ltr'><strong>justitia</strong></span> <span class='ocrx_word' id='word_1_23' title='bbox 340 924 376 988; x_wconf 92' lang='lat' dir='ltr'><strong>in</strong></span> <span class='ocrx_word' id='word_1_24' title='bbox 418 924 581 1008; x_wconf 74' lang='lat' dir='ltr'><strong>integrum</strong></span> <span class='ocrx_word' id='word_1_25' title='bbox 626 922 825 999; x_wconf 77' lang='lat' dir='ltr'><strong>restituitur,</strong></span> <span class='ocrx_word' id='word_1_26' title='bbox 867 935 900 987; x_wconf 93' lang='lat' dir='ltr'><strong>et</strong></span> <span class='ocrx_word' id='word_1_27' title='bbox 944 923 1128 988; x_wconf 91' lang='lat' dir='ltr'><strong>matricidio</strong></span> 
     </span>
     <span class='ocr_line' id='line_1_6' title="bbox 183 1041 1128 1130; baseline 0 -20"><span class='ocrx_word' id='word_1_28' title='bbox 183 1049 321 1110; x_wconf 90' lang='lat' dir='ltr'><strong>deorum</strong></span> <span class='ocrx_word' id='word_1_29' title='bbox 353 1046 443 1128; x_wconf 86' lang='lat' dir='ltr'><strong>jussu</strong></span> <span class='ocrx_word' id='word_1_30' title='bbox 481 1055 626 1126; x_wconf 88' lang='lat' dir='ltr'><strong>suscepto</strong></span> <span class='ocrx_word' id='word_1_31' title='bbox 664 1043 749 1108; x_wconf 88' lang='lat' dir='ltr'><strong>filius</strong></span> <span class='ocrx_word' id='word_1_32' title='bbox 780 1041 994 1130; x_wconf 77' lang='lat' dir='ltr'><strong>ignominiam</strong></span> <span class='ocrx_word' id='word_1_33' title='bbox 1029 1044 1128 1128; x_wconf 87' lang='lat' dir='ltr'><strong>patris</strong></span> 
     </span>
     <span class='ocr_line' id='line_1_7' title="bbox 183 1159 1127 1245; baseline -0.003 -18"><span class='ocrx_word' id='word_1_34' title='bbox 183 1164 360 1228; x_wconf 85' lang='lat' dir='ltr'><strong>ulciscitur.</strong></span> <span class='ocrx_word' id='word_1_35' title='bbox 414 1159 623 1224; x_wconf 72' lang='lat' dir='ltr'><strong>Eumenides</strong></span> <span class='ocrx_word' id='word_1_36' title='bbox 665 1161 804 1245; x_wconf 85' lang='lat' dir='ltr'><strong>denique</strong></span> <span class='ocrx_word' id='word_1_37' title='bbox 837 1164 1012 1226; x_wconf 89' lang='lat' dir='ltr'><strong>ostendunt</strong></span> <span class='ocrx_word' id='word_1_38' title='bbox 1046 1161 1127 1224; x_wconf 91' lang='lat' dir='ltr'><strong>divi·</strong></span> 
     </span>
     <span class='ocr_line' id='line_1_8' title="bbox 184 1281 1128 1369; baseline 0 -21"><span class='ocrx_word' id='word_1_39' title='bbox 184 1307 245 1348; x_wconf 86' lang='lat' dir='ltr'><strong>nae</strong></span> <span class='ocrx_word' id='word_1_40' title='bbox 279 1283 439 1369; x_wconf 79' lang='lat' dir='ltr'><strong>religionis</strong></span> <span class='ocrx_word' id='word_1_41' title='bbox 472 1283 556 1357; x_wconf 89' lang='lat' dir='ltr'><strong>vim,</strong></span> <span class='ocrx_word' id='word_1_42' title='bbox 591 1284 631 1346; x_wconf 93' lang='lat' dir='ltr'><strong>ad</strong></span> <span class='ocrx_word' id='word_1_43' title='bbox 661 1281 761 1344; x_wconf 91' lang='lat' dir='ltr'><strong>animi</strong></span> <span class='ocrx_word' id='word_1_44' title='bbox 797 1291 936 1348; x_wconf 89' lang='lat' dir='ltr'><strong>terrores</strong></span> <span class='ocrx_word' id='word_1_45' title='bbox 965 1295 997 1346; x_wconf 92' lang='lat' dir='ltr'><strong>et</strong></span> <span class='ocrx_word' id='word_1_46' title='bbox 1028 1303 1128 1368; x_wconf 75' lang='lat' dir='ltr'><strong>ango·</strong></span> 
     </span>
     <span class='ocr_line' id='line_1_9' title="bbox 186 1403 1128 1487; baseline 0 -18"><span class='ocrx_word' id='word_1_47' title='bbox 186 1427 236 1469; x_wconf 89' lang='lat' dir='ltr'><strong>res</strong></span> <span class='ocrx_word' id='word_1_48' title='bbox 271 1426 309 1468; x_wconf 86' lang='lat' dir='ltr'><strong>ex</strong></span> <span class='ocrx_word' id='word_1_49' title='bbox 343 1403 562 1468; x_wconf 82' lang='lat' dir='ltr'><strong>imbecillitate</strong></span> <span class='ocrx_word' id='word_1_50' title='bbox 594 1405 758 1466; x_wconf 85' lang='lat' dir='ltr'><strong>humanae</strong></span> <span class='ocrx_word' id='word_1_51' title='bbox 791 1414 929 1467; x_wconf 89' lang='lat' dir='ltr'><strong>naturae</strong></span> <span class='ocrx_word' id='word_1_52' title='bbox 966 1407 1128 1487; x_wconf 87' lang='lat' dir='ltr'><strong>profectos</strong></span> 
     </span>
     <span class='ocr_line' id='line_1_10' title="bbox 187 1525 1127 1612; baseline 0.001 -23"><span class='ocrx_word' id='word_1_53' title='bbox 187 1526 310 1590; x_wconf 87' lang='lat' dir='ltr'><strong>ratione</strong></span> <span class='ocrx_word' id='word_1_54' title='bbox 340 1540 371 1589; x_wconf 91' lang='lat' dir='ltr'><strong>et</strong></span> <span class='ocrx_word' id='word_1_55' title='bbox 401 1525 557 1609; x_wconf 83' lang='lat' dir='ltr'><strong>sapientia</strong></span> <span class='ocrx_word' id='word_1_56' title='bbox 588 1527 759 1600; x_wconf 87' lang='lat' dir='ltr'><strong>sedandos,</strong></span> <span class='ocrx_word' id='word_1_57' title='bbox 795 1539 1007 1612; x_wconf 86' lang='lat' dir='ltr'><strong>mentemque</strong></span> <span class='ocrx_word' id='word_1_58' title='bbox 1036 1527 1127 1591; x_wconf 83' lang='lat' dir='ltr'><strong>furiis</strong></span> 
     </span>
     <span class='ocr_line' id='line_1_11' title="bbox 184 1646 1124 1734; baseline -0.001 -23"><span class='ocrx_word' id='word_1_59' title='bbox 184 1649 335 1734; x_wconf 78' lang='lat' dir='ltr'><strong>agitatam</strong></span> <span class='ocrx_word' id='word_1_60' title='bbox 372 1648 406 1710; x_wconf 92' lang='lat' dir='ltr'><strong>in</strong></span> <span class='ocrx_word' id='word_1_61' title='bbox 438 1667 550 1730; x_wconf 90' lang='lat' dir='ltr'><strong>pacem</strong></span> <span class='ocrx_word' id='word_1_62' title='bbox 583 1660 616 1710; x_wconf 90' lang='lat' dir='ltr'><strong>et</strong></span> <span class='ocrx_word' id='word_1_63' title='bbox 647 1646 918 1731; x_wconf 87' lang='lat' dir='ltr'><strong>tranquillitatem</strong></span> <span class='ocrx_word' id='word_1_64' title='bbox 953 1647 1124 1712; x_wconf 87' lang='lat' dir='ltr'><strong>restituen-</strong></span> 
     </span>
     <span class='ocr_line' id='line_1_12' title="bbox 183 1771 271 1836; baseline 0.045 -4"><span class='ocrx_word' id='word_1_65' title='bbox 183 1771 271 1836; x_wconf 89' lang='lat' dir='ltr'><strong>dam.</strong></span> 
     </span>
    </p>

    <p class='ocr_par' dir='ltr' id='par_1_3' title="bbox 176 1887 1140 3790">
     <span class='ocr_line' id='line_1_13' title="bbox 228 1887 1126 1977; baseline 0 -26"><span class='ocrx_word' id='word_1_66' title='bbox 228 1888 358 1974; x_wconf 72' lang='lat' dir='ltr'><strong>Mythos</strong></span> <span class='ocrx_word' id='word_1_67' title='bbox 380 1912 459 1976; x_wconf 79' lang='lat' dir='ltr'><strong>ergo</strong></span> <span class='ocrx_word' id='word_1_68' title='bbox 482 1896 605 1962; x_wconf 79' lang='grc' dir='ltr'><strong><em>πάθους</em></strong></span> <span class='ocrx_word' id='word_1_69' title='bbox 628 1892 739 1971; x_wconf 89' lang='lat' dir='ltr'><strong>plenos</strong></span> <span class='ocrx_word' id='word_1_70' title='bbox 753 1887 819 1977; x_wconf 86' lang='lat' dir='ltr'><strong>(l),</strong></span> <span class='ocrx_word' id='word_1_71' title='bbox 843 1903 875 1953; x_wconf 89' lang='lat' dir='ltr'><strong>et</strong></span> <span class='ocrx_word' id='word_1_72' title='bbox 898 1890 1041 1953; x_wconf 85' lang='lat' dir='ltr'><strong>facinora</strong></span> <span class='ocrx_word' id='word_1_73' title='bbox 1060 1900 1126 1952; x_wconf 91' lang='lat' dir='ltr'><strong>ter-</strong></span> 
     </span>
     <span class='ocr_line' id='line_1_14' title="bbox 182 2009 1125 2073; baseline -0.001 0"><span class='ocrx_word' id='word_1_74' title='bbox 182 2029 292 2073; x_wconf 90' lang='lat' dir='ltr'><strong>rorem</strong></span> <span class='ocrx_word' id='word_1_75' title='bbox 322 2031 359 2072; x_wconf 90' lang='lat' dir='ltr'><strong>ac</strong></span> <span class='ocrx_word' id='word_1_76' title='bbox 382 2009 637 2072; x_wconf 86' lang='lat' dir='ltr'><strong>misericordiam</strong></span> <span class='ocrx_word' id='word_1_77' title='bbox 660 2009 833 2073; x_wconf 83' lang='lat' dir='ltr'><strong>excitantia</strong></span> <span class='ocrx_word' id='word_1_78' title='bbox 856 2009 1041 2073; x_wconf 88' lang='lat' dir='ltr'><strong>fabularum</strong></span> <span class='ocrx_word' id='word_1_79' title='bbox 1065 2010 1125 2073; x_wconf 88' lang='lat' dir='ltr'><strong>sibi</strong></span> 
     </span>
     <span class='ocr_line' id='line_1_15' title="bbox 184 2129 1124 2215; baseline 0.004 -23"><span class='ocrx_word' id='word_1_80' title='bbox 184 2129 353 2192; x_wconf 88' lang='lat' dir='ltr'><strong>materiem</strong></span> <span class='ocrx_word' id='word_1_81' title='bbox 400 2131 531 2193; x_wconf 80' lang='lat' dir='ltr'><strong>sumsit:</strong></span> <span class='ocrx_word' id='word_1_82' title='bbox 575 2129 607 2192; x_wconf 93' lang='lat' dir='ltr'><strong>in</strong></span> <span class='ocrx_word' id='word_1_83' title='bbox 640 2130 759 2214; x_wconf 87' lang='lat' dir='ltr'><strong>quibus</strong></span> <span class='ocrx_word' id='word_1_84' title='bbox 791 2131 964 2196; x_wconf 80' lang='lat' dir='ltr'><strong>tractandis</strong></span> <span class='ocrx_word' id='word_1_85' title='bbox 998 2132 1124 2215; x_wconf 91' lang='lat' dir='ltr'><strong>epicam</strong></span> 
     </span>
     <span class='ocr_line' id='line_1_16' title="bbox 184 2250 1123 2336; baseline 0.006 -24"><span class='ocrx_word' id='word_1_86' title='bbox 184 2271 333 2313; x_wconf 91' lang='lat' dir='ltr'><strong>normam</strong></span> <span class='ocrx_word' id='word_1_87' title='bbox 357 2263 388 2313; x_wconf 90' lang='lat' dir='ltr'><strong>ct</strong></span> <span class='ocrx_word' id='word_1_88' title='bbox 410 2250 652 2334; x_wconf 86' lang='lat' dir='ltr'><strong>simplicitatem</strong></span> <span class='ocrx_word' id='word_1_89' title='bbox 675 2265 801 2318; x_wconf 87' lang='lat' dir='ltr'><strong>secutus</strong></span> <span class='ocrx_word' id='word_1_90' title='bbox 824 2267 879 2318; x_wconf 85' lang='lat' dir='ltr'><strong>eet.</strong></span> <span class='ocrx_word' id='word_1_91' title='bbox 906 2254 1123 2336; x_wconf 83' lang='lat' dir='ltr'><strong>Ampleenim</strong></span> 
     </span>
     <span class='ocr_line' id='line_1_17' title="bbox 181 2372 1123 2460; baseline 0.007 -26"><span class='ocrx_word' id='word_1_92' title='bbox 181 2386 213 2435; x_wconf 93' lang='lat' dir='ltr'><strong>et</strong></span> <span class='ocrx_word' id='word_1_93' title='bbox 246 2375 314 2436; x_wconf 86' lang='lat' dir='ltr'><strong>suse</strong></span> <span class='ocrx_word' id='word_1_94' title='bbox 342 2393 413 2436; x_wconf 91' lang='lat' dir='ltr'><strong>rem</strong></span> <span class='ocrx_word' id='word_1_95' title='bbox 437 2372 590 2455; x_wconf 85' lang='lat' dir='ltr'><strong>explicat,</strong></span> <span class='ocrx_word' id='word_1_96' title='bbox 622 2376 709 2437; x_wconf 91' lang='lat' dir='ltr'><strong>lento</strong></span> <span class='ocrx_word' id='word_1_97' title='bbox 733 2377 838 2460; x_wconf 77' lang='lat' dir='ltr'><strong>gradu</strong></span> <span class='ocrx_word' id='word_1_98' title='bbox 861 2374 1021 2440; x_wconf 84' lang='lat' dir='ltr'><strong>actionem</strong></span> <span class='ocrx_word' id='word_1_99' title='bbox 1046 2396 1123 2460; x_wconf 89' lang='lat' dir='ltr'><strong>pro·</strong></span> 
     </span>
     <span class='ocr_line' id='line_1_18' title="bbox 180 2494 1140 2579; baseline 0.003 -20"><span class='ocrx_word' id='word_1_100' title='bbox 180 2496 317 2579; x_wconf 88' lang='lat' dir='ltr'><strong>positam</strong></span> <span class='ocrx_word' id='word_1_101' title='bbox 351 2497 391 2558; x_wconf 91' lang='lat' dir='ltr'><strong>ad</strong></span> <span class='ocrx_word' id='word_1_102' title='bbox 426 2494 551 2558; x_wconf 85' lang='lat' dir='ltr'><strong>exitum</strong></span> <span class='ocrx_word' id='word_1_103' title='bbox 574 2496 720 2571; x_wconf 85' lang='lat' dir='ltr'><strong>deducit,</strong></span> <span class='ocrx_word' id='word_1_104' title='bbox 754 2508 788 2560; x_wconf 87' lang='lat' dir='ltr'><strong>et</strong></span> <span class='ocrx_word' id='word_1_105' title='bbox 811 2496 911 2562; x_wconf 89' lang='lat' dir='ltr'><strong>trium</strong></span> <span class='ocrx_word' id='word_1_106' title='bbox 936 2500 1004 2562; x_wconf 83' lang='lat' dir='ltr'><strong>sere</strong></span> <span class='ocrx_word' id='word_1_107' title='bbox 1027 2498 1140 2562; x_wconf 86' lang='lat' dir='ltr'><strong>fabu·&#39;</strong></span> 
     </span>
     <span class='ocr_line' id='line_1_19' title="bbox 178 2615 1122 2703; baseline 0.006 -23"><span class='ocrx_word' id='word_1_108' title='bbox 178 2621 286 2682; x_wconf 88' lang='lat' dir='ltr'><strong>larum</strong></span> <span class='ocrx_word' id='word_1_109' title='bbox 316 2615 412 2692; x_wconf 88' lang='lat' dir='ltr'><strong>serie,</strong></span> <span class='ocrx_word' id='word_1_110' title='bbox 449 2617 635 2703; x_wconf 71' lang='lat' dir='ltr'><strong>argumenti</strong></span> <span class='ocrx_word' id='word_1_111' title='bbox 670 2618 887 2700; x_wconf 82' lang='lat' dir='ltr'><strong>perpetuitate</strong></span> <span class='ocrx_word' id='word_1_112' title='bbox 914 2620 1122 2702; x_wconf 78' lang='lat' dir='ltr'><strong>junctarum,</strong></span> 
     </span>
     <span class='ocr_line' id='line_1_20' title="bbox 179 2738 1121 2825; baseline 0 -23"><span class='ocrx_word' id='word_1_113' title='bbox 179 2760 345 2824; x_wconf 88' lang='lat' dir='ltr'><strong>quemque</strong></span> <span class='ocrx_word' id='word_1_114' title='bbox 383 2742 535 2825; x_wconf 74' lang='lat' dir='ltr'><strong>mythum</strong></span> <span class='ocrx_word' id='word_1_115' title='bbox 579 2739 724 2804; x_wconf 86' lang='lat' dir='ltr'><strong>absolvit.</strong></span> <span class='ocrx_word' id='word_1_116' title='bbox 772 2738 864 2825; x_wconf 88' lang='lat' dir='ltr'><strong>Quae</strong></span> <span class='ocrx_word' id='word_1_117' title='bbox 904 2739 1121 2823; x_wconf 83' lang='lat' dir='ltr'><strong>componendi</strong></span> 
     </span>
     <span class='ocr_line' id='line_1_21' title="bbox 179 2860 1122 2946; baseline 0.001 -23"><span class='ocrx_word' id='word_1_118' title='bbox 179 2862 262 2924; x_wconf 90' lang='lat' dir='ltr'><strong>ratio</strong></span> <span class='ocrx_word' id='word_1_119' title='bbox 292 2882 355 2944; x_wconf 89' lang='lat' dir='ltr'><strong>pro</strong></span> <span class='ocrx_word' id='word_1_120' title='bbox 388 2883 506 2944; x_wconf 85' lang='lat' dir='ltr'><strong>magna</strong></span> <span class='ocrx_word' id='word_1_121' title='bbox 536 2873 628 2942; x_wconf 92' lang='lat' dir='ltr'><strong>parte</strong></span> <span class='ocrx_word' id='word_1_122' title='bbox 651 2882 669 2923; x_wconf 90' lang='lat' dir='ltr'><strong>e</strong></span> <span class='ocrx_word' id='word_1_123' title='bbox 694 2861 858 2934; x_wconf 82' lang='lat' dir='ltr'><strong>moribus,</strong></span> <span class='ocrx_word' id='word_1_124' title='bbox 895 2880 975 2944; x_wconf 89' lang='lat' dir='ltr'><strong>quos</strong></span> <span class='ocrx_word' id='word_1_125' title='bbox 998 2860 1122 2946; x_wconf 84' lang='lat' dir='ltr'><strong>agenti·</strong></span> 
     </span>
     <span class='ocr_line' id='line_1_22' title="bbox 179 2977 1122 3066; baseline 0.005 -24"><span class='ocrx_word' id='word_1_126' title='bbox 179 2982 238 3043; x_wconf 89' lang='lat' dir='ltr'><strong>bus</strong></span> <span class='ocrx_word' id='word_1_127' title='bbox 276 2981 419 3060; x_wconf 84' lang='lat' dir='ltr'><strong>personis</strong></span> <span class='ocrx_word' id='word_1_128' title='bbox 455 2981 592 3054; x_wconf 84' lang='lat' dir='ltr'><strong>tribuit,</strong></span> <span class='ocrx_word' id='word_1_129' title='bbox 631 2992 708 3044; x_wconf 86' lang='lat' dir='ltr'><strong>nata</strong></span> <span class='ocrx_word' id='word_1_130' title='bbox 742 2993 799 3044; x_wconf 83' lang='lat' dir='ltr'><strong>est.</strong></span> <span class='ocrx_word' id='word_1_131' title='bbox 837 2977 928 3062; x_wconf 40' lang='lat' dir='ltr'><strong>,Nam</strong></span> <span class='ocrx_word' id='word_1_132' title='bbox 968 3001 1122 3066; x_wconf 84' lang='lat' dir='ltr'><strong>personae</strong></span> 
     </span>
     <span class='ocr_line' id='line_1_23' title="bbox 179 3100 1122 3186; baseline 0.007 -24"><span class='ocrx_word' id='word_1_133' title='bbox 179 3121 262 3183; x_wconf 90' lang='lat' dir='ltr'><strong>quae</strong></span> <span class='ocrx_word' id='word_1_134' title='bbox 296 3101 383 3182; x_wconf 88' lang='lat' dir='ltr'><strong>apud</strong></span> <span class='ocrx_word' id='word_1_135' title='bbox 413 3101 612 3185; x_wconf 69' lang='lat' dir='ltr'><strong>Aeschylum</strong></span> <span class='ocrx_word' id='word_1_136' title='bbox 645 3112 747 3186; x_wconf 74' lang='lat' dir='ltr'><strong>agunt</strong></span> <span class='ocrx_word' id='word_1_137' title='bbox 770 3102 909 3164; x_wconf 89' lang='lat' dir='ltr'><strong>heroam</strong></span> <span class='ocrx_word' id='word_1_138' title='bbox 932 3100 1122 3168; x_wconf 83' lang='lat' dir='ltr'><strong>Homerico·</strong></span> 
     </span>
     <span class='ocr_line' id='line_1_24' title="bbox 179 3218 1121 3305; baseline 0.006 -21"><span class='ocrx_word' id='word_1_139' title='bbox 179 3242 254 3284; x_wconf 88' lang='lat' dir='ltr'><strong>rum</strong></span> <span class='ocrx_word' id='word_1_140' title='bbox 277 3221 394 3286; x_wconf 88' lang='lat' dir='ltr'><strong>similes</strong></span> <span class='ocrx_word' id='word_1_141' title='bbox 415 3234 502 3286; x_wconf 90' lang='lat' dir='ltr'><strong>sunt.</strong></span> <span class='ocrx_word' id='word_1_142' title='bbox 542 3218 763 3305; x_wconf 82' lang='lat' dir='ltr'><strong>Spectatores,</strong></span> <span class='ocrx_word' id='word_1_143' title='bbox 786 3222 896 3286; x_wconf 89' lang='lat' dir='ltr'><strong>audito</strong></span> <span class='ocrx_word' id='word_1_144' title='bbox 917 3223 1045 3288; x_wconf 82' lang='lat' dir='ltr'><strong>fabulae</strong></span> <span class='ocrx_word' id='word_1_145' title='bbox 1068 3247 1121 3290; x_wconf 91' lang='lat' dir='ltr'><strong>ar·</strong></span> 
     </span>
     <span class='ocr_line' id='line_1_25' title="bbox 178 3341 1119 3425; baseline 0.006 -21"><span class='ocrx_word' id='word_1_146' title='bbox 178 3353 346 3425; x_wconf 88' lang='lat' dir='ltr'><strong>gument0‚</strong></span> <span class='ocrx_word' id='word_1_147' title='bbox 367 3341 476 3406; x_wconf 90' lang='lat' dir='ltr'><strong>statim</strong></span> <span class='ocrx_word' id='word_1_148' title='bbox 501 3363 551 3405; x_wconf 84' lang='lat' dir='ltr'><strong>eas</strong></span> <span class='ocrx_word' id='word_1_149' title='bbox 573 3341 632 3404; x_wconf 89' lang='lat' dir='ltr'><strong>sibi</strong></span> <span class='ocrx_word' id='word_1_150' title='bbox 655 3343 731 3405; x_wconf 85' lang='lat' dir='ltr'><strong>tales</strong></span> <span class='ocrx_word' id='word_1_151' title='bbox 754 3342 862 3406; x_wconf 88' lang='lat' dir='ltr'><strong>animo</strong></span> <span class='ocrx_word' id='word_1_152' title='bbox 879 3341 1119 3422; x_wconf 71' lang='lat' dir='ltr'><strong>informassent,</strong></span> 
     </span>
     <span class='ocr_line' id='line_1_26' title="bbox 178 3462 1120 3548; baseline 0.01 -24"><span class='ocrx_word' id='word_1_153' title='bbox 178 3464 288 3544; x_wconf 85' lang='lat' dir='ltr'><strong>quales</strong></span> <span class='ocrx_word' id='word_1_154' title='bbox 311 3462 345 3526; x_wconf 92' lang='lat' dir='ltr'><strong>in</strong></span> <span class='ocrx_word' id='word_1_155' title='bbox 357 3463 522 3526; x_wconf 88' lang='lat' dir='ltr'><strong>theatrum</strong></span> <span class='ocrx_word' id='word_1_156' title='bbox 537 3465 732 3546; x_wconf 87' lang='lat' dir='ltr'><strong>prodeuntes</strong></span> <span class='ocrx_word' id='word_1_157' title='bbox 754 3463 1007 3548; x_wconf 89' lang='lat' dir='ltr'><strong>conspiciuntur.</strong></span> <span class='ocrx_word' id='word_1_158' title='bbox 1036 3465 1120 3533; x_wconf 90' lang='lat' dir='ltr'><strong>Sunt</strong></span> 
     </span>
     <span class='ocr_line' id='line_1_27' title="bbox 179 3584 1119 3672; baseline 0.009 -26"><span class='ocrx_word' id='word_1_159' title='bbox 179 3584 270 3666; x_wconf 88' lang='lat' dir='ltr'><strong>quasi</strong></span> <span class='ocrx_word' id='word_1_160' title='bbox 291 3587 416 3649; x_wconf 79' lang='lat' dir='ltr'><strong>formae</strong></span> <span class='ocrx_word' id='word_1_161' title='bbox 436 3601 541 3651; x_wconf 86' lang='lat' dir='ltr'><strong>certae</strong></span> <span class='ocrx_word' id='word_1_162' title='bbox 562 3600 594 3650; x_wconf 90' lang='lat' dir='ltr'><strong>et</strong></span> <span class='ocrx_word' id='word_1_163' title='bbox 619 3598 819 3662; x_wconf 83' lang='lat' dir='ltr'><strong>constantes,</strong></span> <span class='ocrx_word' id='word_1_164' title='bbox 843 3609 925 3672; x_wconf 86' lang='lat' dir='ltr'><strong>quae</strong></span> <span class='ocrx_word' id='word_1_165' title='bbox 949 3591 1056 3672; x_wconf 88' lang='lat' dir='ltr'><strong>paucis</strong></span> <span class='ocrx_word' id='word_1_166' title='bbox 1079 3589 1119 3654; x_wconf 92' lang='lat' dir='ltr'><strong>li·</strong></span> 
     </span>
     <span class='ocr_line' id='line_1_28' title="bbox 176 3706 1117 3790; baseline 0.007 -22"><span class='ocrx_word' id='word_1_167' title='bbox 176 3706 355 3771; x_wconf 86' lang='lat' dir='ltr'><strong>neamentis</strong></span> <span class='ocrx_word' id='word_1_168' title='bbox 387 3707 576 3772; x_wconf 90' lang='lat' dir='ltr'><strong>adumbrari</strong></span> <span class='ocrx_word' id='word_1_169' title='bbox 608 3720 753 3790; x_wconf 80' lang='lat' dir='ltr'><strong>possunt.</strong></span> <span class='ocrx_word' id='word_1_170' title='bbox 796 3707 887 3774; x_wconf 89' lang='lat' dir='ltr'><strong>Tales</strong></span> <span class='ocrx_word' id='word_1_171' title='bbox 907 3722 983 3772; x_wconf 90' lang='lat' dir='ltr'><strong>sunt</strong></span> <span class='ocrx_word' id='word_1_172' title='bbox 1004 3731 1117 3775; x_wconf 87' lang='lat' dir='ltr'><strong>earum</strong></span> 
     </span>
    </p>
   </div>
   <div class='ocr_carea' id='block_1_3' title="bbox 170 3893 333 3906">
    <p class='ocr_par' dir='ltr' id='par_1_4' title="bbox 170 3893 333 3906">
     <span class='ocr_line' id='line_1_29' title="bbox 170 3893 333 3906; baseline 0 0"><span class='ocrx_word' id='word_1_173' title='bbox 170 3893 333 3906; x_wconf 53' lang='grc' dir='ltr'><strong>μ*</strong></span> 
     </span>
    </p>
   </div>
   <div class='ocr_carea' id='block_1_4' title="bbox 169 3995 1184 4174">
    <p class='ocr_par' dir='ltr' id='par_1_5' title="bbox 169 3995 1184 4174">
     <span class='ocr_line' id='line_1_30' title="bbox 211 3995 1184 4089; baseline 0.004 -35"><span class='ocrx_word' id='word_1_174' title='bbox 211 3995 255 4064; x_wconf 87' lang='grc'><strong>(1)</strong></span> <span class='ocrx_word' id='word_1_175' title='bbox 274 4002 336 4055; x_wconf 86' lang='lat' dir='ltr'><strong>Vita</strong></span> <span class='ocrx_word' id='word_1_176' title='bbox 364 4004 458 4056; x_wconf 76' lang='lat' dir='ltr'><strong>tesca.</strong></span> <span class='ocrx_word' id='word_1_177' title='bbox 488 4018 533 4067; x_wconf 86' lang='lat' dir='ltr'><strong>ap.</strong></span> <span class='ocrx_word' id='word_1_178' title='bbox 563 4003 676 4056; x_wconf 86' lang='lat' dir='ltr'><strong>Robort.</strong></span> <span class='ocrx_word' id='word_1_179' title='bbox 708 4002 816 4070; x_wconf 73' lang='grc' dir='ltr'>πρῶτος</span> <span class='ocrx_word' id='word_1_180' title='bbox 845 3995 996 4069; x_wconf 74' lang='grc' dir='ltr'><strong>Αἰσχύλος</strong></span> <span class='ocrx_word' id='word_1_181' title='bbox 1015 4000 1114 4060; x_wconf 69' lang='grc' dir='ltr'><strong><em>πάθεσι</em></strong></span> <span class='ocrx_word' id='word_1_182' title='bbox 1182 4083 1184 4089; x_wconf 27' lang='grc' dir='ltr'>Ι</span> 
     </span>
     <span class='ocr_line' id='line_1_31' title="bbox 169 4091 966 4174; baseline 0.001 -20"><span class='ocrx_word' id='word_1_183' title='bbox 169 4097 394 4173; x_wconf 67' lang='lat' dir='ltr'><strong>pervetustis-rte</strong></span> <span class='ocrx_word' id='word_1_184' title='bbox 415 4099 466 4160; x_wconf 72' lang='lat' dir='ltr'><strong>als</strong></span> <span class='ocrx_word' id='word_1_185' title='bbox 487 4093 647 4169; x_wconf 68' lang='grc' dir='ltr'><strong><em>τραγῳδίαν</em></strong></span> <span class='ocrx_word' id='word_1_186' title='bbox 666 4091 823 4170; x_wconf 58' lang='lat' dir='ltr'><strong>inediam</strong></span> <span class='ocrx_word' id='word_1_187' title='bbox 835 4135 843 4154; x_wconf 86' lang='lat'><em>.</em></span> <span class='ocrx_word' id='word_1_188' title='bbox 855 4135 863 4153; x_wconf 86' lang='lat'><strong>·</strong></span> <span class='ocrx_word' id='word_1_189' title='bbox 876 4135 901 4152; x_wconf 84' lang='lat'><strong>··</strong></span> <span class='ocrx_word' id='word_1_190' title='bbox 963 4163 966 4174; x_wconf 30' lang='grc' dir='ltr'><strong><em>ι</em></strong></span> 
     </span>
    </p>
   </div>
   <div class='ocr_carea' id='block_1_5' title="bbox 0 0 1456 5004">
    <p class='ocr_par' dir='ltr' id='par_1_6' title="bbox 0 0 1456 5004">
     <span class='ocr_line' id='line_1_32' title="bbox 0 0 1456 5004; baseline 0 3"><span class='ocrx_word' id='word_1_191' title='bbox 0 0 1456 5004; x_wconf 95' lang='lat' dir='ltr'><strong> </strong></span> 
     </span>
    </p>
   </div>
  </div>
 </body>
</html>
