2902 5004
730 393 868 448 ..2.-

327 594 426 658 etiam
449 614 531 680 quae
550 594 685 679 quisque
702 593 921 676 scriptorum,
947 612 1026 678 quos
1050 595 1138 658 adire
1163 594 1274 676 potui,

331 695 454 832 optime
484 750 524 812 de
552 745 660 812 Choro
696 745 958 817 animadvertisse
988 745 1070 810 mihi
1092 745 1274 823 videretur,

331 923 385 966 rus
409 901 492 975 abii,
516 921 646 983 sperans
670 901 740 961 fore
757 910 801 960 ut
822 897 1133 964 commentationem
1155 900 1196 962 de
1217 896 1276 964 So-

332 1055 472 1141 phocleis
492 1053 626 1125 sabulis,
650 1053 683 1114 in
708 1071 850 1136 quarum
874 1050 996 1115 assidua
1017 1051 1153 1116 lectione
1170 1073 1276 1136 nuper

331 1210 459 1272 fueram
484 1215 680 1287 occupatus,
705 1201 797 1266 brevi
818 1202 933 1267 litteris
954 1206 1157 1268 mandarem.
1182 1202 1274 1289 Quae

331 1375 442 1424 tamen
472 1381 542 1442 spes
572 1359 717 1422 multum
748 1378 802 1420 me
832 1357 956 1420 fefellit.
991 1356 1075 1422 Nam
1106 1381 1207 1444 quum
1233 1363 1273 1424 de

331 1513 480 1578 universa
509 1511 692 1597 tragoediae
720 1509 845 1572 ratione
873 1529 1087 1592 quaererem,
1113 1525 1145 1575 et
1173 1511 1275 1575 histo-

331 1666 414 1729 riam
428 1663 528 1730 Chori
552 1662 745 1727 summatim
768 1661 916 1746 persequi
938 1662 1152 1740 instituerem,
1175 1665 1274 1728 offen-

329 1821 361 1884 di
394 1820 427 1884 in
451 1819 665 1904 Aeschylum,
697 1817 788 1900 cujus
819 1816 944 1879 fabulas
974 1818 1110 1881 antehac
1133 1817 1271 1882 strictim

329 1986 477 2049 tanturn,
501 1991 606 2058 neque
630 1989 742 2034 omnes
764 1989 817 2031 me
838 1968 950 2054 legisse
967 1968 1140 2072 dolebam3
1161 1983 1279 2055 neque'

328 2124 400 2199 alia,
416 2125 530 2206 fateor,
555 2119 637 2184 mihi
659 2141 711 2182 res
732 2131 801 2182 erat
824 2140 900 2182 cum
915 2118 1081 2202 Euripide.
1105 2118 1147 2184 Et
1160 2133 1270 2185 tamen

327 2276 406 2360 quid
424 2274 526 2359 magis
543 2271 758 2334 necessarium
784 2283 853 2333 erat
882 2292 1006 2355 quam,
1028 2271 1063 2334 in
1085 2273 1270 2338 descrihen-

329 2428 376 2492 dis
389 2423 488 2490 Chori
512 2422 682 2507 Sophoclei
703 2387 867 2504 partibus,
891 2435 1045 2488 naturam
1062 2436 1159 2510 atque
1178 2425 1271 2488 indo·

329 2585 395 2646 lem
421 2599 509 2642 nosse
528 2576 733 2652 fabularum,
757 2597 836 2660 quas
853 2573 1032 2664 Aeschylus
1052 2592 1084 2643 et
1103 2578 1272 2662 Euripides

328 2737 521 2800 docuerunt.
568 2727 767 2814 Quomodo,
792 2730 825 2792 in
844 2728 1012 2821 Sophoclis
1041 2733 1081 2796 de
1104 2735 1269 2820 tragoedia

329 2886 453 2953 meritis
482 2883 705 2958 aestimandis,
736 2903 795 2946 suo
827 2903 975 2968 quaeque
999 2900 1168 2951 momento
1190 2909 1271 2972 pou-

329 3046 497 3117 derarem,
531 3039 591 3104 nisi
610 3039 758 3104 instituta
777 3037 962 3122 aequalium
982 3042 1155 3120 poctarum
1178 3061 1270 3106 com-

324 3192 523 3278 paratione?
560 3190 647 3278 Quid
670 3191 770 3278 ergo?
794 3227 838 3242 -·
861 3192 891 3256 A
913 3188 1073 3276 Sophocle
1096 3193 1219 3259 discessi
1239 3207 1271 3260 et

327 3351 367 3412 ad
396 3345 569 3411 lectionem
600 3343 750 3431 Aeschyli
781 3365 834 3408 me
869 3345 1001 3409 contuli.
1047 3345 1131 3411 Eam
1159 3360 1269 3412 autem

327 3451 400 3565 rem
423 3499 467 3565 ita
490 3518 656 3586 aggressus
676 3519 766 3572 sum,
791 3509 829 3561 ut
852 3497 945 3562 finita
967 3499 1122 3585 cujusque
1143 3499 1270 3563 fabulas

325 3653 486 3730 lectione,
510 3665 743 3740 argumentum
765 3651 877 3717 ordine
899 3674 1086 3720 enarrarem
1108 3667 1140 3720 et
1160 3653 1271 3742 singu-

324 3807 433 3871 larum
464 3826 699 3890 personarum,
733 3805 906 3891 praecipue
936 3826 1014 3871 vero
1039 3803 1138 3873 Chori
1163 3819 1269 3891 partes

323 3958 549 4026 describerem.
571 3956 697 4044 Quibus
715 3959 750 4023 in
770 3959 882 4026 studiis
905 3973 1008 4025 totam
1032 3963 1101 4026 fere
1122 3961 1268 4024 hiemem

321 4114 500 4190 consumsi3
534 4115 623 4200 quod
654 4115 778 4180 nemini
814 4115 940 4182 mirum
963 4116 1025 4193 sit,
1060 4114 1117 4200 qui
1140 4123 1271 4196 reputet
