3016 5000
781 356 937 410 „52-

386 547 503 633 Quales
526 569 694 632 personas,
720 550 886 616 inferiores
912 553 1043 636 quidem
1062 555 1235 640 minusque
1253 575 1330 620 con-

384 684 521 746 stantes,
553 684 698 735 attamen
731 695 787 736 sua
820 693 953 737 morum
989 676 1269 740 commendatione
1298 692 1331 740 et

385 793 578 875 praestantia
602 794 795 878 neutiquam
821 794 1006 870 destitutas,
1040 792 1229 878 Sophocles,
1264 817 1332 880 quo

385 913 486 1000 magis
516 915 735 1000 protagonista
762 914 921 993 emineat,
951 915 1089 979 umbrae
1123 917 1222 980 instar
1255 917 1333 980 huic

385 1036 561 1120 adjungere
586 1036 688 1098 solet”
705 1032 766 1122 (1).
813 1034 897 1100 Nam
932 1039 1009 1101 tales
1039 1038 1137 1102 etiam
1168 1039 1232 1101 hoc
1260 1040 1332 1101 loco

384 1167 459 1219 sunt
484 1152 587 1220 Chori
611 1129 737 1222 risores:
775 1177 937 1220 sermones
969 1161 1037 1241 ejus
1072 1160 1167 1241 plane
1198 1178 1330 1241 respon-

384 1279 462 1339 dent
486 1275 531 1352 iis,
557 1297 639 1360 quae
663 1277 806 1361 exempli
830 1280 934 1365 gratia
958 1279 1089 1344 Ismene
1110 1295 1141 1344 et
1158 1280 1188 1344 T
1186 1302 1332 1343 ecmessa

384 1399 470 1479 apud
484 1394 678 1480 Sophoclem
692 1399 724 1460 in
738 1402 917 1486 Antigone
929 1412 960 1462 et
972 1397 1081 1485 Ascrae
1095 1415 1254 1486 peragunt
1268 1399 1330 1488 (2).

427 1517 554 1581 Verum
588 1521 728 1582 alterurn
763 1519 863 1581 etiam
895 1532 942 1582 est
966 1517 1065 1582 Chori
1089 1541 1209 1584 munus
1232 1543 1333 1603 surse.

380 1638 466 1702 riore
501 1639 659 1720 amplius,
703 1638 801 1722 idque
836 1650 904 1702 tam
950 1639 1045 1722 ipsius
1078 1641 1187 1703 officio
1225 1662 1329 1723 quam

383 1759 513 1824 fabulae
535 1773 733 1845 argumento
750 1758 1140 1837 accommodatissimum,
1165 1779 1328 1844 quocum

383 1881 418 1942 in
442 1880 551 1963 priore
574 1892 648 1944 tum
674 1878 708 1942 in
730 1876 908 1962 posteriore
928 1879 1071 1943 maxime
1091 1879 1221 1943 fabulae
1237 1893 1330 1962 parte

383 2003 543 2088 fungitur.
590 1999 727 2064 Mirifice
751 2000 840 2064 enim
875 2021 984 2064 suaves
1017 2000 1063 2064 illi
1087 2014 1185 2084 atque
1208 1999 1326 2062 flebiles

382 2091 615 2187 choreutarum
651 2133 762 2186 cautus
797 2121 924 2187 variant
952 2121 1099 2185 fabulam
1132 2119 1236 2185 Marte
1260 2123 1327 2204 ple-

385 2266 484 2320 nam,
520 2265 620 2328 quam
654 2243 711 2327 qui
741 2243 954 2326 spectaverit,
989 2255 1069 2307 teste
1092 2241 1328 2325 Aristophane,

383 2364 476 2429 miles
500 2385 564 2428 esse
588 2363 700 2427 ardeat
716 2361 776 2449 (3)

421 2535 464 2604 (t)
485 2543 552 2594 illst.
572 2544 667 2593 Graec.
686 2543 750 2593 Litt.
765 2542 800 2607 ll,
821 2541 875 2592 58:
896 2540 962 2591 Dem
981 2539 1226 2604 Deuteragonisten
1247 2541 1327 2592 fallen

383 2641 437 2689 dan
458 2637 504 2688 die
522 2637 619 2688 Rollen
640 2653 694 2700 zu,
723 2637 752 2687 iu
772 2638 861 2688 (leuen
891 2637 942 2687 mit
962 2636 1039 2687 einer
1058 2638 1180 2687 nochero
1201 2637 1328 2688 Waerme

383 2737 431 2786 der
461 2734 662 2798 Empfindung,
689 2733 749 2784 sich
781 2735 852 2784 doch
883 2733 961 2782 nicht
986 2732 1033 2783 (lie
1059 2731 1138 2784 Kralt
1168 2735 1225 2784 und
1253 2733 1329 2784 'liele

383 2831 545 2893 verbindet,
573 2831 618 2881 die
646 2832 706 2882 dem
731 2829 942 2894 Protagonisten
969 2832 1126 2894 zukommt3
1155 2831 1329 2882 echwachere

382 2931 550 2980 Charatters
580 2942 632 2980 son
660 2928 821 2979 leichterem
849 2927 911 2977 Blut
944 2927 1002 2976 und
1034 2924 1185 2976 minderem
1212 2925 1330 2990 Zwuuge

383 3027 430 3075 des
450 3027 572 3088 Gelstes,
600 3026 647 3076 ‹iie
674 3025 825 3087 Sophocles
854 3023 1164 3086 ‹lemflauptpersonen
1193 3036 1259 3084 geru
1288 3025 1328 3072 als

382 3122 445 3172 eine
463 3123 540 3173 Folle
559 3137 609 3173 zur
629 3122 846 3183 Herrorhebuug
865 3121 943 3170 ihrer
963 3120 1052 3170 vollen
1071 3119 1185 3170 Stserte
1203 3119 1326 3182 heigiht:

382 3219 505 3270 wieuoht
525 3221 596 3270 such
617 3218 691 3270 diese
719 3218 781 3268 eine
809 3217 1058 3281 cigenthuemliclrs
1084 3217 1252 3268 Schoeuheit
1271 3219 1327 3268 und

380 3316 567 3367 Erhabenlieit
587 3317 634 3366 des
653 3317 817 3367 Clmrsltters
836 3315 998 3366 entwicleln
1018 3319 1155 3365 toennen.

418 3411 482 3462 Rem
499 3415 556 3476 jam
577 3413 705 3474 tetigerat
724 3412 819 3464 Cicero
839 3412 897 3462 itis.
916 3411 992 3463 Verr.
1013 3413 1064 3463 15:
1087 3413 1117 3460 ut
1135 3409 1164 3459 in
1186 3409 1328 3461 actoribus

381 3508 487 3570 graecis
513 3509 574 3560 lieri
603 3509 741 3571 ridemus,
772 3523 854 3572 saepe
883 3509 979 3568 illum,
1009 3507 1058 3570 qui
1086 3511 1125 3558 est
1145 3507 1327 3559 secundarum

382 3610 431 3656 aut
451 3605 594 3656 tertiarum
615 3605 753 3668 partium,
783 3619 866 3668 quum
886 3605 974 3670 possit
993 3603 1143 3666 aliquando
1164 3603 1265 3656 clarius
1284 3606 1327 3656 di·

382 3716 443 3754 cere
471 3716 552 3766 quam
583 3703 643 3766 ipse
672 3703 843 3765 primarum,
872 3703 985 3753 multum
1014 3699 1193 3766 submittere,
1220 3707 1250 3753 ut
1279 3701 1327 3753 ille

382 3803 511 3865 princeps
530 3814 612 3864 quam
633 3800 751 3852 maxime
770 3800 893 3850 exceliat.

416 3891 460 3962 (2)
479 3899 527 3950 His
556 3898 622 3949 addi
652 3903 742 3961 potest
770 3896 971 3960 Chrysothemis
999 3897 1029 3949 in
1058 3896 1163 3950 Electra
1195 3912 1231 3948 rs.
1250 3895 1322 3948 1021

377 4009 436 4059 sqq.
456 3999 498 4046 eo.
519 3997 619 4048 Wund.

415 4085 459 4155 (3)
479 4094 561 4144 Arist.
582 4093 649 4144 han.
670 4103 698 4141 vs
724 4091 806 4144 1022.
