3016 5000
752 315 910 369 „80-

367 514 445 600 (jam
469 533 566 596 supra
599 509 706 600 allata)
731 512 877 602 notavit:
913 509 1062 588 Chorus,
1098 514 1225 598 inquit,
1256 515 1304 577 in·

365 655 509 720 genuum
543 655 575 696 se
606 633 813 718 liberumque
835 645 974 718 praestat
998 655 1064 698 non
1087 635 1211 699 ratione
1234 655 1305 700 mo·

365 758 429 830 do,
453 777 518 839 qua
541 777 579 818 ex
603 747 754 819 anteactis
780 753 877 819 rebus
899 758 939 819 de
962 755 1180 838 praesentibus
1208 756 1306 820 ratio·

365 879 513 955 sinatur,
537 898 650 941 verum
675 877 771 940 etiam
797 879 883 941 facto
906 889 938 940 et
960 877 1101 953 auxilio,
1137 899 1203 962 quo
1225 875 1307 943 huie

364 998 450 1061 illive
488 998 655 1083 agentium
692 997 852 1061 succurrit
872 996 933 1084 (1).
979 997 1125 1062 Tandem
1158 997 1307 1074 Chorus,

366 1095 459 1184 utin
482 1119 600 1195 Persis,
634 1120 775 1206 singulos
798 1119 855 1203 qui
877 1121 1039 1202 prodeunt
1063 1119 1229 1184 histriones
1252 1141 1307 1183 ex·

365 1241 459 1324 cipit,
483 1255 515 1305 et
540 1239 813 1326 Clytaemnestrae
841 1240 1018 1304 identidem
1049 1243 1229 1305 decedentis
1252 1263 1307 1306 va·

365 1383 439 1426 cuas
464 1361 545 1428 vices
564 1365 689 1446 explet:
713 1363 912 1447 omninoque
929 1385 1007 1426 eum
1024 1363 1058 1426 in
1076 1364 1307 1446 compositione

364 1486 473 1547 locum
498 1497 598 1563 tenet,
623 1497 659 1547 ut
682 1484 866 1546 interventu
889 1504 947 1546 suo
958 1484 1158 1548 diversorum
1171 1498 1305 1548 actuum

364 1606 491 1680 seriem,
515 1606 573 1689 qui
597 1605 717 1688 absque
741 1606 837 1681 nodo,
861 1619 899 1666 ut
921 1605 954 1668 in
969 1605 1060 1688 epico
1077 1606 1224 1672 carmine
1237 1604 1306 1693 (2),

364 1728 423 1792 sihi
445 1729 642 1802 succedunt,
665 1726 796 1791 vinculo
827 1703 970 1810 quodam
1002 1726 1212 1811 constringat.
1261 1727 1305 1790 Et

364 1869 566 1936 quamquam
580 1867 646 1910 non
660 1847 813 1912 assentior
825 1845 906 1911 Viro
918 1847 1014 1909 docto
1026 1846 1158 1922 dicenti,
1171 1860 1305 1930 propter

365 1971 455 2033 hunc
477 1969 624 2053 partium
657 1969 865 2032 chorinerum
888 1968 1053 2042 ordinem,
1088 1981 1233 2032 nostram
1257 1971 1305 2033 sa-

365 2092 477 2155 hulam
502 2093 663 2174 optimam
694 2112 758 2154 esse
788 2090 886 2154 totius
914 2088 1116 2174 antiquitatis
1131 2086 1197 2177 (3);
1221 2089 1307 2152 nihi·

290 2227 296 2242 ·
365 2213 508 2277 lominus
531 2228 641 2277 tamen
664 2215 703 2275 de
733 2213 979 2298 Agamemnone
1002 2211 1064 2274 dici
1090 2224 1193 2293 potest
1217 2207 1306 2275 Cice·

365 2333 450 2397 ronis
468 2334 546 2397 illud
570 2336 609 2397 de
634 2333 862 2396 Andromache
877 2331 1053 2416 Euripidis:
1077 2333 1306 2414 „praeclarum

366 2475 520 2519 carmen:
555 2467 602 2518 est
636 2453 724 2518 enim
747 2467 780 2518 et
802 2452 899 2516 rebus
929 2466 962 2517 et
995 2453 1101 2518 verbis
1135 2468 1168 2518 et
1203 2454 1307 2518 modis

366 2575 506 2662 lugubre
520 2574 604 2664 (t).²’

671 2761 698 2844 §.
723 2760 755 2822 6.
802 2745 1002 2823 Cuoeruonr.

410 2937 550 3004 Ouusrus
585 2959 662 3002 cum
699 2936 828 3002 Prcanc
861 2938 895 3002 in
931 2937 1071 3020 patriam
1106 2939 1210 3002 redux
1242 2939 1309 3002 oin-

367 3061 501 3125 cinnum
526 3061 560 3123 in
586 3059 683 3144 patris
708 3062 836 3123 tumulo
860 3059 917 3124 diis
941 3057 1090 3124 Manibus
1123 3076 1309 3142 consecrat,

367 3196 400 3246 et
422 3181 575 3246 Mercurii
607 3181 765 3244 auxilium
798 3183 839 3245 ad
869 3180 1132 3262 recuperandum
1163 3180 1309 3264 patrium

366 3323 508 3388 regnum
531 3301 697 3384 implorat.
734 3298 1023 3384 Supervenientem
1041 3321 1118 3364 rero
1131 3302 1308 3366 mulierum

368 3435 531 3484 catervam
578 3421 797 3514 conspicatus,
839 3421 988 3506 interque
1029 3422 1086 3487 has
1120 3421 1309 3502 Electram,

366 3541 527 3554 ,ψ

299 3645 302 3652 2
405 3591 449 3661 (1)
468 3599 589 3650 Grundr.
607 3600 650 3664 ll,
671 3600 734 3652 ¹730.
772 3599 811 3650 lle
829 3597 935 3661 duplici
962 3599 1045 3652 Chorl
1073 3600 1102 3650 in
1131 3601 1184 3652 hac
1203 3606 1311 3664 tragoe-

368 3696 416 3747 dla
436 3709 548 3747 munere
567 3699 639 3748 conl.
657 3697 731 3748 idem
750 3710 778 3762 p.
802 3695 863 3748 7⁷3.

406 3785 450 3856 (2)
469 3793 628 3855 Bernhardy
647 3793 664 3844 1.
682 3796 714 3845 t:
743 3794 806 3844 elne
830 3792 978 3857 Scenerle,
1005 3795 1052 3846 dle
1077 3795 1150 3846 ohne
1176 3794 1312 3848 Verlleclr·

302 3926 305 3930 -
368 3895 437 3953 rung
455 3889 494 3941 lm
514 3889 643 3954 epischen
663 3889 872 3942 Nacheinuuder
890 3890 948 3942 slch
969 3891 1125 3946 entwiclelt
1144 3917 1181 3933 -
1199 3917 1236 3930 ·-

406 3978 451 4048 (3)
468 3985 587 4038 Kubsth.
606 3985 635 4036 io
655 3985 803 4041 comment.
823 4001 905 4054 supra
924 3989 997 4041 laud.
1019 4003 1045 4051 p.
1065 3989 1108 4040 19.

410 4074 454 4146 (4)
472 4082 549 4135 Tuae.
570 4082 674 4145 otspur.
694 4083 730 4147 8,
749 4084 794 4136 19.
