3016 5000
738 303 894 358 ...86-

350 504 445 572 anxio
468 518 500 568 et
532 505 722 588 perturbato
757 503 865 568 animo
897 503 1015 564 iterum
1041 500 1081 563 ad
1114 520 1224 582 preces
1259 520 1291 562 se

350 627 530 702 convertit,
566 625 703 710 Jovique
735 624 919 688 certaminis
948 644 1075 686 curam.
1091 620 1291 685 committit:

349 770 438 813 nune
462 747 550 810 enim
573 768 698 810 necesse
721 767 804 820 esse,
840 747 891 809 vel
914 757 951 806 ut
974 745 1091 806 domus
1115 743 1295 829 Agamem·

349 869 442 933 nonis
466 867 592 950 penitus
623 868 782 938 intereat,
815 868 866 930 vel
897 877 934 928 ut
970 865 1079 930 civitas
1109 864 1295 928 libertatem

352 1002 524 1072 recuperet
557 1001 589 1053 et
631 986 758 1052 Orestes
793 986 892 1070 patris
926 1006 1010 1068 opes*
1044 985 1297 1072 legitimumque

352 1111 530 1194 imperium
553 1109 687 1192 recipiat
713 1107 770 1198 (vs.
796 1105 974 1192 stt-855).

395 1230 473 1294 Mox
486 1252 562 1295 vero
576 1231 720 1318 Aegisthi
733 1231 818 1294 intra
840 1232 931 1294 aedes
954 1229 1094 1312 percussi
1113 1228 1293 1294 audiuntur

355 1353 521 1427 clamores,
545 1365 577 1415 et
600 1355 680 1416 dum
700 1349 837 1427 Chorus,
862 1365 900 1415 ut
922 1351 963 1414 ab
987 1353 1105 1415 horum
1130 1351 1298 1414 malorum

355 1477 451 1556 culpa
474 1473 630 1536 immunis
653 1495 717 1536 esse
740 1474 888 1538 videatur
913 1475 973 1561 (vs.
997 1471 1181 1561 857-861),
1206 1475 1298 1556 paul·
1482 1561 1483 1568 ἵ

353 1596 460 1656 lulum
483 1594 624 1665 recedit¹
660 1595 848 1677 prorumpit
875 1595 1027 1660 Funuuus
1060 1609 1092 1660 et
1115 1599 1155 1660 ad
1178 1618 1299 1682 gynae-
1473 1586 1483 1755 (

354 1715 527 1778 conitidem
553 1715 692 1790 festinet,
717 1729 753 1778 ut
766 1714 897 1801 reginae
920 1729 1145 1799 perpetratum
1174 1719 1300 1782 facinus

354 1837 495 1900 nuntiet.
553 1834 812 1922 Clytaemnestra
846 1837 996 1920 prodiens
1038 1839 1107 1922 jam
1153 1837 1300 1924 agnoscit
1474 1758 1483 1953 (

355 1959 481 2022 insidias
497 1979 594 2041 seque
611 1958 718 2043 gladio
731 1958 903 2022 defendere
926 1958 1046 2044 cogitat
1059 1981 1067 2037 ;
1079 2001 1081 2008 ·
1092 1961 1147 2024 sed
1170 1959 1300 2022 irruen-

355 2080 394 2143 tis
424 2079 483 2142 filii
520 2081 613 2142 vultu
644 2079 756 2144 territa
793 2078 920 2144 abhoc
953 2079 1084 2144 consilio
1108 2078 1232 2144 desistit
1267 2094 1299 2142 et
1478 2006 1483 2149 i

354 2202 504 2284 precihus
521 2199 671 2266 Orestem
694 2201 828 2266 delinire
852 2216 998 2267 conatur.
1044 2201 1199 2266 Frustra:
1224 2216 1298 2283 post

355 2323 672 2386 vehementissimam
717 2322 804 2386 enim
842 2322 1085 2388 altercationem
1121 2345 1140 2386 a
1173 2322 1298 2410 Pylade

355 2442 542 2508 divinorum
578 2445 787 2507 oraculorum
822 2444 1027 2518 admonitus.
1063 2457 1205 2509 matrem
1241 2445 1297 2510 ille

354 2565 441 2628 intro
465 2566 504 2627 ad
528 2585 642 2629 necem
666 2565 761 2646 rapit.

396 2686 511 2769 Itaque
534 2707 628 2750 scena
650 2688 756 2749 denuo
785 2687 928 2763 deserta,
953 2683 1080 2750 Chorus
1102 2687 1199 2751 tertio
1223 2708 1299 2752 car·

353 2808 443 2870 mine
477 2806 734 2893 Agamemnonis
776 2806 936 2870 ultionem
972 2805 1133 2885 celebrat,
1169 2821 1201 2872 et
1236 2829 1298 2892 pro

354 2933 467 2993 lutura
509 2927 629 2994 Orestis
664 2928 817 2993 felicitate
861 2941 1031 3011 precatus,
1078 2949 1155 2992 eum
1190 2930 1298 3012 dupli-

354 3073 426 3115 cem
450 3053 601 3127 caedem,
625 3064 756 3115 auctore
780 3050 946 3132 Apolline,
972 3050 1146 3136 adjuvante
1171 3050 1300 3116 Justitia

353 3170 441 3236 lovis
467 3173 551 3248 filia,
576 3173 637 3236 rite
659 3185 858 3254 perpetrasse
879 3173 1030 3238 declaret.
1077 3171 1204 3238 Ultimo
1227 3176 1299 3238 loeo

353 3293 511 3378 significat
545 3295 682 3357 domum
717 3292 1013 3379 Agamemnoniam
1045 3294 1116 3376 jam
1146 3295 1219 3359 satis
1242 3295 1299 3358 diu

354 3412 497 3477 cladibus
538 3413 691 3477 afflIctam
731 3413 881 3499 jacuisse,¹
924 3427 956 3477 et
990 3417 1123 3480 tandem
1159 3415 1299 3480 illuxisse

355 3533 453 3609 diem,
478 3554 544 3618 quo
566 3546 616 3598 tot
639 3533 733 3598 malis
756 3534 886 3598 liberari
910 3533 1026 3600 debeat
1050 3533 1107 3623 (vs.
1122 3537 1298 3627 ste-966).

399 3653 473 3718 Jam
497 3655 627 3719 aedium
651 3659 735 3720 sores
770 3658 960 3739 panduntur
989 3670 1021 3721 et
1052 3659 1085 3722 in
1109 3661 1195 3727 lecto
1218 3657 1299 3747 Cly.

355 3788 569 3841 taemnestrae
605 3778 815 3866 Aegisthique
850 3780 1005 3844 cadavera
1040 3782 1299 3865 conspiciuntur.

353 3893 499 3962 Procedit
524 3897 651 3965 Orestes
671 3913 703 3963 et
716 3900 830 3964 acerbe
848 3923 963 3970 eorum
983 3906 1103 3990 scelera
1123 3917 1154 3968 et
1174 3907 1297 3990 justam

353 4039 465 4084 necem
498 4023 654 4109 exagitat3
700 4044 797 4109 seque
834 4026 908 4108 jure
946 4039 1088 4092 matrem
1131 4027 1297 4104 occidisse,

30 4650 409 4792 p*
