2902 5004
736 339 893 394 „32-

346 535 404 609 sit,
428 546 464 597 ut
487 533 537 597 vir
559 535 674 599 doctus
698 537 804 618 potius
818 557 890 600 eam
909 535 1197 619 »pulcherrimum
1220 537 1287 622 hy-

346 675 462 717 mnum
489 654 757 720 inLihertatem’'
781 679 882 741 quam
903 658 1101 743 tragoediam
1123 659 1288 742 appellare

347 775 455 836 mallet
469 770 515 860 (1)
528 801 534 836 :
558 777 744 858 reputantes
756 789 884 852 tamen,
907 799 983 840 oum
991 779 1172 858 Aristotele,
1185 777 1287 842 cuivis

346 895 473 958 fabulae
486 909 609 959 certam
621 897 764 980 aliquam
778 897 938 961 actionem
951 916 1014 962 esse
1025 896 1206 982 subiectam
1221 893 1284 984 (2),

344 1017 427 1078 hanc
448 1015 482 1078 in
509 1014 606 1080 Persis
623 1015 712 1080 Darii
736 1011 921 1080 evocatione
943 1015 1103 1080 contineri
1123 1013 1283 1080 Muellero

343 1132 534 1198 assentimur
548 1129 609 1219 (3).
633 1131 719 1198 llaec
731 1133 819 1198 enim
842 1147 889 1198 est
911 1133 979 1217 ipsa
1001 1155 1050 1198 res
1063 1155 1146 1218 quae
1159 1134 1283 1220 agitur,

342 1273 425 1336 quae
458 1264 491 1316 et
522 1252 750 1338 epraegressis
773 1253 1016 1336 quodammodo
1038 1253 1149 1316 effecta
1170 1265 1218 1316 est
1250 1267 1283 1316 et

344 1391 421 1434 cum
443 1369 648 1456 sequentibus
677 1371 826 1454 deinceps
849 1371 1009 1434 cohaeret.
1053 1367 1138 1434 Nam
1161 1371 1284 1454 suppli-

342 1489 425 1554 catio
446 1490 515 1564 illa,
540 1511 640 1574 quam
664 1488 812 1572 primum
835 1485 961 1553 Chorus
982 1489 1111 1554 Atossae
1124 1486 1127 1490 ’
1142 1503 1284 1554 suaserat

343 1609 402 1698 (vs.
420 1612 485 1674 212
509 1606 612 1696 sqq.),
637 1629 703 1672 »aa
723 1619 858 1693 possent
880 1608 1027 1673 videlicet
1048 1631 1148 1672 saeva
1167 1631 1284 1674 nocere

341 1731 511 1804 somnia'',
535 1729 614 1792 haec
636 1735 769 1811 accepto
792 1725 887 1791 cladis
912 1727 1028 1792 nuntio
1052 1741 1182 1792 eatenus
1203 1749 1279 1812 mu-

341 1860 447 1926 tatur,
479 1860 516 1913 ut
552 1847 618 1931 ipsa
639 1848 709 1931 jam
743 1846 854 1911 Atossa
880 1846 1016 1910 Darium
1038 1846 1186 1930 precibus
1209 1867 1283 1910 evo-

342 1971 482 2034 candum
496 1981 631 2046 censeat,
656 1989 723 2053 quo
743 1967 863 2033 scilicet
880 1970 919 2032 de
942 1967 1058 2031 futuris
1080 1966 1177 2032 rebus
1199 1967 1283 2032 bene

341 2093 572 2156 consuleretur.
597 2088 656 2178 (vs.
681 2092 755 2164 517.
767 2087 852 2178 sqq.)

385 2211 551 2276 Praeterea
581 2211 669 2274 Darii
699 2223 804 2292 partes
828 2210 899 2274 ideo
922 2231 1053 2296 quoque
1077 2211 1284 2298 gravissimae

341 2331 506 2394 habendae
528 2343 624 2406 sunt,
649 2330 726 2414 quia
749 2351 807 2413 per
830 2331 897 2394 illas
913 2343 1145 2418 argumentum
1167 2330 1283 2397 Glauci

341 2451 463 2528 Pontii,
499 2474 581 2537 quae
613 2465 681 2518 erat
704 2452 798 2516 tertia
826 2452 922 2536 hujus
946 2453 1131 2540 tetralogiae
1155 2453 1282 2530 fabula,

340 2575 520 2638 indicatum
544 2587 576 2639 et
599 2587 827 2658 praeparatum
853 2595 917 2638 esse
940 2573 1007 2638 veri
1032 2573 1136 2638 simile
1161 2589 1207 2639 est
1220 2573 1282 2665 (4)

340 2684 429 2772 Quin
462 2684 547 2770 ipsae
571 2683 668 2750 Chori
690 2706 843 2768 personae
867 2686 938 2749 ideo
959 2706 1048 2750 senes
1071 2687 1282 2772 defunctique

378 2907 419 2976 (1)
441 2917 571 2983 Westrilt,
590 2917 619 2968 in
639 2917 711 2981 dip.
720 2917 755 2968 de
763 2915 887 2981 Aeschyli
897 2915 1068 2980 chasphoris
1077 2917 1166 2979 deque
1174 2916 1282 2968 Electra

338 3031 400 3068 cum
417 3015 563 3080 Sophoclis
582 3021 640 3067 tum
659 3013 819 3081 Euripidis,
839 3029 866 3078 p.
886 3013 949 3066 121.

377 3109 421 3174 (2)
441 3111 515 3164 Poe't.
533 3112 559 3164 C.
579 3112 604 3164 6.
624 3104 690 3162 ἄνευ
698 3109 749 3176 μὲν
759 3099 887 3176 πράξεως
897 3101 946 3163 οὐκ
958 3100 992 3162 iis
1001 3105 1112 3177 γένοιτο
1124 3101 1280 3176 τραγῳδῖοι.

377 3199 420 3265 (3)
441 3207 535 3258 Gesch.
561 3208 610 3258 der
630 3206 674 3258 Gr.
699 3206 783 3257 Liter.
803 3205 832 3256 T.
852 3207 896 3266 11,
927 3220 953 3270 p.
975 3206 1030 3258 als
1059 3206 1118 3257 ldan
1139 3205 1211 3258 sieht
1230 3221 1280 3258 aus

338 3305 440 3356 diesem
467 3304 647 3356 Ueherhliohe
675 3302 815 3364 deutlich,
841 3303 905 3353 desa
935 3301 1012 3355 nicht
1031 3303 1077 3354 die
1095 3303 1278 3366 Schilderung

338 3404 388 3453 der
414 3399 526 3463 Sieger,
553 3401 671 3450 sondcrn
700 3399 746 3449 die
775 3399 989 3462 Reschwoeruug
1015 3401 1072 3450 und
1091 3399 1279 3463 Erscheinung

338 3499 385 3550 des
406 3497 518 3548 Dareios
537 3497 584 3548 die
611 3496 755 3560 Handlung
785 3495 838 3556 ist,
870 3496 971 3548 welche
999 3497 1048 3548 (las
1066 3497 1157 3549 Ganze
1175 3511 1280 3550 ausam·

338 3597 493 3660 merrhaelt,
514 3595 570 3646 und
590 3594 670 3646 dario
690 3595 737 3646 die
757 3594 821 3645 ldee
840 3595 888 3644 des
906 3592 1035 3646 Stueckes
1055 3594 1279 3660 hauptsaechlich

337 3694 537 3756 ausgedrueclrt
563 3691 621 3742 sein
651 3705 733 3743 musa.
779 3691 854 3742 cont.
879 3690 910 3742 G.
938 3690 970 3745 ll.
999 3692 1089 3752 Bode,
1115 3693 1211 3746 Gesch.
1230 3693 1280 3744 der

337 3788 438 3840 Hellen.
458 3787 568 3840 Dichilr.
587 3786 616 3838 Τ.
638 3787 693 3848 ΙΙΙ,
716 3803 743 3852 p.
762 3787 826 3838 2⁷9.

376 3875 419 3946 (Ι)
438 3885 501 3938 via.
521 3882 680 3949 hypothesis
699 3885 799 3948 prima.
838 3885 915 3936 conl.
934 3885 966 3938 G.
984 3885 1010 3937 C.
1029 3887 1059 3939 G.
1079 3887 1230 3938 Schneider
1249 3886 1279 3938 in

338 3979 440 4031 iutrod.
465 3979 597 4032 editionis
624 3993 699 4032 suae·
735 3982 765 4033 G.
794 3981 970 4046 Bernhardy,
998 3983 1146 4036 Gruudriss
1165 3985 1215 4036 der
1234 3984 1282 4034 Gr·

338 4075 402 4129 titt.
423 4075 452 4129 Τ.
472 4077 516 4142 ΙΙ,
537 4092 563 4142 p.
585 4077 647 4129 769.
686 4078 757 4131 Bone
775 4079 820 4131 1.Ι.
840 4094 868 4143 p.
887 4079 943 4130 285
962 4093 1001 4144 sq.
