3016 5000
553 324 769 398 ,mn-

217 529 324 602 mine.
348 547 382 590 re
407 544 557 609 prospere
579 536 676 608 gesta,
699 523 871 588 incolumis
893 522 1033 587 redierit.
1065 523 1152 588 Turn

215 653 257 714 ad
281 646 428 714 Chorum
450 668 484 711 se
518 657 708 710 convertens
743 645 810 727 ejus
843 655 990 709 mentem
1024 646 1156 733 laudat,

162 777 166 786 '
212 771 451 853 sententiaeque
469 759 685 848 adstipulatur
708 764 855 840 dicendo,
880 766 999 829 multos
1022 765 1151 830 alterius

203 877 359 957 ¹felicitati
394 887 558 962 invidere,
593 887 712 950 multos
747 885 859 950 fictam
894 906 971 968 prae
1003 907 1036 950 se
1071 888 1155 950 serre

214 1011 411 1084 amicitiam,
436 1026 516 1092 quos
538 1018 647 1069 tamen
670 1005 772 1089 probe
788 1029 807 1072 a
823 1007 955 1092 reliquis
967 1007 1154 1093 dignoscere

214 1127 466 1202 ematuruerit,
490 1145 557 1209 quo
580 1139 801 1209 praesentem,
827 1149 892 1214 qua
916 1131 1064 1205 fruatur,
1087 1132 1153 1195 sor-

212 1267 328 1316 tunam
368 1247 565 1316 stabiliorem
605 1249 729 1314 reddat.
785 1246 859 1312 Jarn
894 1249 985 1314 aedes
1020 1250 1154 1316 introire

214 1370 366 1457 cogitanti
387 1367 516 1432 obviam
542 1367 628 1432 venit
649 1365 920 1454 Clytaemnestra,
945 1391 1046 1454 qnae,
1064 1392 1155 1437 amo·

214 1513 287 1556 rem
319 1512 395 1578 erga
423 1489 580 1554 maritum
604 1489 777 1566 simulans,
813 1493 945 1574 qualem
970 1513 1004 1556 se
1038 1513 1076 1556 eo
1098 1493 1155 1557 ab·

212 1627 301 1680 sente
323 1611 454 1699 gesserit
475 1611 587 1694 amplo
609 1611 734 1684 cantico
755 1610 925 1684 describit.
948 1633 1047 1696 seque
1066 1615 1154 1697 apud

212 1754 324 1821 regem
349 1743 382 1796 et
399 1729 548 1796 Chorum
569 1745 718 1808 excusat,
742 1733 830 1816 quod
849 1729 1007 1797 Orestem.
1019 1756 1154 1821 peregre

210 1853 379 1920 dimiserit.
425 1849 552 1936 Quibus
572 1852 678 1926 dictis,
703 1851 987 1938 Agamemnonem
1013 1875 1030 1916 e
1052 1874 1151 1920 curru

210 1975 425 2049 descendere,
469 1975 607 2038 famulas
654 1985 765 2036 autem
813 1970 915 2055 ipsam
962 1976 1153 2042 comitantes

211 2097 313 2179 pictos
347 2105 468 2178 tapetes
502 2103 647 2162 sternere
675 2092 790 2177 iubet:
826 2113 907 2176 quos
944 2113 1049 2178 quum
1083 2096 1154 2172 ille,

211 2213 496 2300 reprehensionem
522 2215 632 2297 populi
655 2214 831 2291 reveritus,
861 2217 983 2280 calcare
1006 2232 1153 2296 recuset,

213 2350 284 2421 post
305 2341 411 2403 lavem
438 2336 697 2413 altercationem,
721 2338 830 2400 uxoris
850 2338 982 2401 tandem
1005 2337 1152 2419 precibus

210 2460 411 2544 obsequitur.
456 2458 679 2546 Digredientes
703 2455 849 2534 Chorus,
873 2456 930 2541 qui
955 2459 1069 2524 tacitus
1098 2481 1151 2524 eo·

210 2603 286 2646 rurn
309 2580 512 2646 sermonibus
536 2579 699 2653 interfuit,
723 2591 820 2644 cantu
846 2581 1073 2664 prosequitur:

254 2700 414 2776 Miratur,
460 2701 520 2766 sibi
572 2719 774 2785 quamquam
826 2700 928 2765 inrito
969 2699 1150 2768 Calchantis

210 2825 412 2910 praesagium
435 2823 557 2890 assidue
579 2823 689 2886 animo
709 2821 893 2901 obversari,
916 2843 1023 2908 neque
1042 2826 1148 2901 hodio,

210 2944 359 3030 quamvis
370 2944 433 3010 suis
443 2943 543 3008 oculis
559 2947 845 3028 Agamemnonem
860 2943 1014 3006 reducem
1033 2945 1148 3026 adspe-

209 3065 311 3143 xerit,
335 3063 453 3130 mentis
481 3063 746 3144 tranquillitatem
772 3076 805 3126 et
828 3062 980 3128 fiduciam
1003 3064 1063 3128 sibi
1085 3088 1149 3131 esse

208 3185 389 3254 redditam:
420 3184 557 3251 residere
577 3183 765 3251 etiamnunc
799 3185 867 3250 imo
903 3201 1034 3268 pectore
1056 3190 1152 3276 lugu·

208 3308 435 3378 mamillam,
463 3326 546 3390 quae
564 3305 663 3389 sopiri
684 3305 816 3391 nequit,
839 3305 989 3394 Erinnyis
1015 3311 1150 3378 cantile-

210 3453 306 3496 nam:
337 3423 341 3431 ’
545 3437 548 3444 ’

344 3553 398 3618 τὸν
421 3549 450 3616 δ’
461 3555 541 3617 ἄνευ
563 3547 657 3636 λύρας
680 3551 762 3624 ὅπως
784 3548 922 3634 ὑμνῳδεῖ

343 3677 463 3756 θρῆνον
489 3673 637 3757 Ἐριννδς
662 3670 887 3747 αὐτοδίδακτος
907 3674 1025 3740 ἔσωθεν

344 3798 465 3878 θυμός,
489 3794 525 3859 οὐ
547 3796 583 3858 τό
606 3798 673 3858 πᾶν
697 3795 777 3879 ἔχων
910 3859 916 3868 ,

346 3915 470 3990 ἐλπίδος
494 3913 586 3996 φίλον
608 3920 734 4000 θράσος.
766 3913 823 4004 (vs.
849 3917 912 3982 967
936 3913 1022 4000 sqq.)

152 4107 157 4116 ,
212 4037 335 4124 Quodsi
357 4039 494 4121 procella
515 4037 622 4122 aliqua
646 4049 847 4120 praesentem
868 4037 1053 4103 felicitatem
1077 4059 1154 4104 con-
