3016 5000
526 327 694 426 ¹¹..93c-

151 567 261 629 morea
285 541 471 618 sedentem,
496 557 589 608 etex
614 543 748 608 adverso
773 545 1091 624 tetram‘mulierum

150 655 342 742 cohortem,
375 675 457 749 quae
489 666 640 748 adspectu
666 667 868 761 ¹horrendae,
902 688 1017 732 somno
1043 690 1092 732 so·
1123 701 1126 712 ·

31 835 34 844 .
146 759 251 873 pitae,
287 789 320 850 in
348 787 563 852 sellissedent
594 799 634 850 et·
654 785 784 868 impuro
808 787 910 852 halitu
936 787 1092 872 viroque,

145 912 235 996 quod
270 931 309 973 ex
335 930 391 973 ore
416 909 595 984 emittunt,
626 883 772 972 sanctam
796 905 955 990 Apollinis
978 910 1100 972 aedem-

144 1031 375 1096 contaminant.
408 1027 583 1111 Auspicato
606 1029 683 1093 deus
702 1027 887 1092 interventu
906 1049 964 1092 suo
988 1029 1107 1122 incer-J

143 1166 209 1216 tam
223 1153 457 1234 sollicitamque
473 1149 604 1235 virginis
625 1165 772 1214 mentem
792 1153 926 1218 solatur.
964 1151 1092 1230 Arouno

143 1273 230 1336 enim
246 1273 426 1356 supplicem
440 1268 589 1336 Orestem
612 1273 775 1354 promissis
799 1285 832 1336 et
854 1273 987 1337 monitis
1013 1294 1093 1337 con·

92 1445 94 1458 .
143 1395 276 1470 firmat,
311 1373 413 1478 eique
436 1395 567 1468 suadet,
601 1394 687 1457 inter
719 1394 1089 1471 somnumFuriarum,

143 1511 305 1578 Mercurio
324 1517 421 1590 duce,
446 1495 588 1579 Athenas
612 1515 775 1602 aufugiat,
798 1517 880 1596 ubi,
915 1539 1024 1582 caussa
1050 1520 1091 1584 sd

143 1636 271 1700 idoneos
292 1636 414 1720 judices
432 1636 571 1710 delata,
604 1649 673 1699 tam
706 1658 771 1701 sua.
798 1659 900 1722 quam
924 1636 1091 1704 Minervae

142 1779 256 1842 opere,
280 1760 431 1823 faustum:
446 1757 556 1842 judicii
581 1758 706 1822 exitum
729 1779 858 1842 sperare
880 1759 992 1842 possit.
1040 1759 1093 1824 Ad

144 1903 225 1966 quae
256 1877 372 1964 pau'ca'
392 1869 588 1968 respondens
611 1877 751 1944 Ounsrns
784 1881 828 1944 de
849 1901 946 1946 scena.
965 1882 1094 1946 decedit

135 1993 208 2090 ⁴(vs.
228 2001 375 2087 64-87).·
1019 2087 1021 2100 Ι

186 2120 312 2186 Funus
323 2123 440 2186 sensim
452 2121 687 2208 paullatimque
711 2145 769 2207 per
792 2121 1105 2190 Cnrrsrsunnsrnss.

145 2243 294 2325 εἴδωλον,
324 2244 413 2329 quod
434 2215 469 2306 in
490 2265 584 2308 scena
606 2243 822 2322 obambulat,
851 2252 966 2310 somno
990 2267 1092 2312 excu-

145 2365 272 2430 tiuntur
297 2364 355 2454 (vs.
369 2362 535 2450 94-137).⁴
550 2361 613 2428 Sed
635 2385 740 2449 quum
754 2363 904 2433 Orestem
928 2387 994 2430 non
1023 2389 1108 2438 am·‚

144 2488 227 2570 plius
241 2499 375 2551 cernant
393 2507 546 2570 eumque,
570 2484 808 2550 dormientibus
833 2487 917 2570 ipsis,
941 2490 1089 2572 elapsum

145 2607 287 2684 audiant,
298 2607 481 2672 vehementi
495 2609 605 2670 dolore
618 2592 857 2692 afflictaeApoll

145 2740 213 2793 tem
234 2741 437 2813 queruntur,
467 2727 543 2812 qui,
565 2727 775 2814 antiquarum
798 2731 936 2795 dearum
957 2736 1094 2798 numine

144 2853 238 2928 laeso,
256 2871 298 2914 ne
316 2850 494 2934 parricidae
518 2849 651 2934 quidem
670 2853 788 2916 scelere
809 2855 972 2934 templum
995 2875 1093 2918 suum
1147 2877 1150 2886 ·

145 2973 292 3056 polluere
314 2971 435 3035 teritus
458 2983 536 3034 esset
560 2967 621 3056 (vs.
642 2969 823 3056 sss-167).
868 2972 992 3036 Deinde
1015 2975 1094 3039 foris

146 3093 352 3176 propulsatae
375 3067 537 3176 minisque
560 3104 592 3156 et
610 3091 759 3156 conviciis
772 3092 930 3176 Apollinis
942 3096 1093 3178 percitae,

149 3216 238 3278 hunc
272 3213 388 3278 acriter
419 3211 584 3298 exagitent
615 3213 777 3297 totiusque
800 3213 847 3277 rei
870 3199 1037 3280 auctorem
1063 3229 1095 3281 et
1162 3222 1171 3228 ’
1210 3227 1213 3234 “

150 3355 314 3400 suasorem
331 3329 567 3424 pronuntiant,
591 3333 649 3418 qui
672 3347 704 3398 et
727 3335 940 3418 parricidium
964 3341 1095 3403 oraculo

147 3458 287 3542 jussisset
309 3469 341 3522 et
363 3455 543 3540 parricidae
566 3456 803 3538 patrocinetur:
827 3479 860 3522 se
883 3470 994 3524 tamen
1014 3457 1096 3556 Ore·

150 3591 257 3655 stem,
291 3576 438 3663 quamvis
480 3579 651 3660 elapsum,
695 3597 761 3640 non
797 3577 887 3661 prius
921 3580 1094 3657 missuras,

151 3721 253 3786 quam
277 3699 418 3764 materni
440 3699 604 3786 sanguinis
631 3719 768 3783 poenam
791 3699 900 3766 luisset
924 3701 984 3791 (vs.
1010 3702 1096 3765 168-
1147 3691 1152 3702 ⁸

152 3819 300 3907 220).·-
314 3818 436 3886 Contra
461 3805 578 3903 'Apollo
601 3821 741 3884 adeum
765 3823 926 3884 tuendum
949 3821 1094 3887 discedit.
1122 3844 1123 3848 ¹

197 3942 297 4020 Jam,
327 3955 455 4007 mutata
481 3963 599 4019 scena,
631 3939 759 4008 Orestes
790 3942 925 4008 Athenis
954 3943 988 4008 in
1012 3956 1096 4007 tem-

151 4069 207 4151 plo
244 4065 409 4134 Mineruae
441 4065 638 4150 conspicitur
666 4066 749 4132 deae
780 4065 992 4131 simulacrum
1027 4087 1097 4130 am·
