3016 5000
653 289 657 296 ’
749 327 907 387 -rc-
1002 404 1006 410 .

358 521 443 587 Nihil
475 537 583 589 autem
622 527 730 608 aptius
773 548 873 612 quam
916 528 1045 594 illustris
1081 529 1134 593 ille
1155 531 1301 595 'actionis

358 647 479 720 aditus,
515 667 581 730 quo
614 660 832 729 spectatores,
866 650 1030 731 praeteriti
1053 651 1210 734 temporis
1235 653 1301 714 fata

356 768 578 852 respicientes,
603 769 698 834 anxia
733 784 865 834 eventus
898 772 1132 854 exspectatione
1154 773 1300 848 solliciti,

356 892 445 982 lento
464 893 567 976 gradu
592 893 632 955 ad
651 894 779 957 culmen
807 891 1044 980 misericordiae
1061 895 1298 976 perducuntur.

355 1009 442 1075 Nihil
466 1012 632 1094 pulchrius
656 1026 743 1088 arte,
777 1034 843 1096 qua
867 1015 1041 1100 Aeschylus
1078 1017 1300 1098 complicatio-

355 1153 432 1195 nem
457 1133 640 1218 tragoediae
664 1114 842 1209 dilatavit,
860 1135 1057 1198 solutionem
1083 1157 1178 1213 vero,
1201 1137 1298 1202 simul

355 1275 393 1318 ac
413 1267 640 1335 coeptaesset,
666 1275 732 1339 quo
755 1255 978 1320 vehementius
997 1258 1212 1340 spectantium
1231 1259 1299 1322 ani·
1337 1289 1340 1298 ¹

355 1369 425 1438 mos
448 1375 503 1438 diu
535 1353 671 1440 obsessos
702 1379 911 1458 percelleret,
935 1378 1124 1443 festinanter
1155 1392 1187 1444 et
1212 1393 1298 1444 atro-

354 1493 453 1570 citer,
478 1497 567 1578 quasi
593 1517 658 1560 uno
681 1483 748 1560 ictu
772 1499 882 1584 peragi
902 1495 1018 1564 'voluit
1117 1499 1120 1506 ⁴

396 1617 448 1679 Ad
471 1617 558 1681 hunc
581 1629 691 1680 autem
714 1619 846 1681 actionis
879 1622 1119 1705 praeparandae
1141 1623 1291 1686 ordinem

273 1781 278 1794 .
352 1739 540 1802 conducunt
571 1739 713 1802 maxime
743 1737 849 1804 ¹Chori
881 1753 913 1803 et
948 1738 1292 1824 Cassandraepartes,

352 1859 470 1942 quihus
494 1861 592 1922 modo
615 1860 823 1944 ingravescit,
847 1861 945 1923 modo
968 1861 1174 1942 suspenditur
1197 1861 1291 1926 actio.

398 1979 435 2043 ln
461 1980 572 2062 priore
595 1979 704 2044 fabula
728 1976 853 2044 Chorus
884 1980 1006 2044 assidue
1033 1982 1101 2044 sere
1123 1981 1158 2043 in
1187 1981 1297 2045 divina

355 2100 485 2166 iustitia
510 2102 722 2185 praedicanda
743 2109 909 2177 versatur,
934 2103 973 2164 ad
1000 2102 1089 2185 cujus
1112 2103 1220 2166 laudes
1245 2124 1296 2166 ce-

352 2224 521 2288 lebrandas
563 2225 681 2310 singuli
717 2224 894 2287 identidem
934 2237 1023 2288 actus
1062 2223 1232 2288 materiem
1266 2224 1296 2287 ei

351 2344 571 2427 suppeditant.
617 2343 656 2408 ln
678 2347 821 2428 parodo,
846 2344 974 2408 fabulae
1000 2335 1170 2408 materiem
1196 2366 1296 2428 expo·

351 2486 451 2541 nens,
474 2466 727 2548 praeteritorum
751 2466 1123 2550 memoriam'replicat,
1148 2479 1180 2530 et
1203 2488 1221 2530 e
1244 2487 1295 2530 re·

350 2585 411 2651 hus
434 2600 528 2650 antea
551 2565 647 2664 actis,
669 2610 731 2672 pro
753 2589 963 2672 sapientiaet
987 2591 1105 2672 pietate
1128 2609 1206 2664 sua,
1233 2589 1295 2654 im-

351 2709 603 2794 minensTrojae
626 2711 787 2806 excidium
800 2726 998 2796 auguratur,
1023 2714 1122 2797 quod,
1146 2713 1295 2796 quamvis

350 2830 384 2894 in
408 2834 543 2918 longum
569 2843 699 2914 tempus
721 2845 935 2917 prorogetur,
959 2846 1070 2896 tamen
1094 2835 1295 2900 exunirersa

352 2951 499 3018 Justitiae
526 2955 596 3040 lege
622 2953 795 3038 aliquando
818 2953 945 3018 evenire
969 2956 1104 3020 debeat:
1129 2979 1207 3020 nam
1312 3023 1315 3030 ,

526 3075 659 3140 τελεῖται
685 3079 726 3149 ic·
738 3078 773 3138 τὸ
797 3077 1026 3161 πεπρωμένον·
1256 3049 1259 3056 ¹

527 3179 786 3262 oua’ocouatav
815 3200 886 3262 οὔθ’
910 3196 1087 3284 ὑπολείβων

527 3321 596 3382 οὔτε
623 3309 765 3402 detrudor
792 3311 919 3402 ἀπύρων
945 3316 1034 3402 ἱερῶν

526 3440 620 3522 ὀργὰς
647 3441 765 3512 ἀτενεῖς
789 3436 991 3522 παραθέλξει.
1026 3441 1085 3529 (vs.
1108 3439 1150 3504 68
1176 3439 1261 3528 sqq.)
1332 3410 1339 3422 .

350 3560 474 3627 Verum
506 3582 609 3646 quum
643 3561 687 3625 ita
722 3559 849 3626 Chorus
887 3562 928 3624 de
964 3561 1109 3626 hostibus
1143 3577 1292 3642 censeat,

319 3759 322 3764 1
349 3695 380 3748 et
401 3685 487 3767 jure·¹
498 3683 646 3766 quidem,
671 3683 759 3746 haud
793 3683 912 3749 leviore
932 3705 1013 3760 ¹cura
1044 3699 1181 3768 propter
1205 3667 1310 3773 Aga!

305 3845 308 3852 «
351 3826 562 3869 memnonem
604 3821 777 3890 gravatur,
819 3807 941 3892 quippe
984 3809 1039 3892 qui
1071 3809 1172 3893 justas
1207 3809 1292 3874 filiae

351 3988 377 4032 et
397 3985 475 4034 varia
496 3989 552 4050 est,
580 3984 644 4048 sed,
673 3990 765 4052 mytho
794 3989 900 4054 soluto,
925 3988 1033 4040 naeniis
1062 3991 1117 4039 lero
1144 3987 1291 4051 lyricisque

350 4079 478 4131 carrtihus
497 4081 655 4134 absolvitur.
