3016 5000
547 1221 896 1292 CONCLUSIO.

296 1833 347 1901 Er
370 1835 425 1914 iis,
449 1855 533 1921 quae
555 1837 595 1900 de
628 1832 738 1901 Choro
759 1835 936 1924 Aeschyleo
969 1839 1068 1903 fusius
1098 1839 1193 1906 disse·

252 1957 399 2034 ruimus,
423 1958 502 2022 haec
524 1957 666 2022 nascitur
690 1958 871 2022 conclusio:
943 1981 945 1988 ’

297 2198 607 2267 1.P0e‘tameori
639 2200 800 2266 rationem
824 2213 857 2265 et
878 2213 985 2285 partes
1018 2201 1052 2265 in
1081 2203 1192 2290 singu·

248 2323 285 2387 lis
308 2321 481 2410 tragoediis
510 2321 664 2398 variasse,
699 2323 943 2387 accommodate
973 2323 1012 2387 ad
1044 2324 1192 2412 trilogiac

247 2445 393 2508 sormam
415 2464 481 2528 qua
503 2442 766 2508 continebantur,

291 2565 387 2631 2.1n
418 2565 653 2650 antiquioribus
684 2566 751 2652 ejus
783 2564 899 2630 fabulis
923 2563 1024 2631 Chori
1057 2566 1190 2651 disposi-

246 2686 371 2751 tionem
392 2687 625 2770 simpliciorem
648 2707 713 2750 esse
736 2707 838 2772 quam
860 2687 894 2750 in
916 2687 1159 2755 recentioribus.

291 2805 496 2875 schonau
527 2822 674 2873 constare
697 2807 860 2892 personis,
895 2829 978 2892 quae
1011 2809 1189 2896 ingenuam

246 2928 450 3014 liberamque
472 2942 620 2993 mentem
644 2951 722 3012 prae
744 2951 776 2992 se
799 2931 920 2993 ferunt.

294 3052 325 3115 4.
349 3048 496 3126 Chorum
537 3052 669 3114 actoris
702 3061 809 3134 partes
853 3049 1027 3126 sustinere,
1074 3073 1189 3138 easque

247 3173 385 3256 majores
407 3193 470 3236 esse
493 3169 529 3236 in
551 3171 694 3247 Persis,
717 3167 943 3257 Suppliciloa
965 3183 998 3236 et
1021 3169 1189 3238 Eumeni·

248 3293 370 3370 dibus,
394 3315 496 3379 quam
518 3295 552 3358 in
574 3293 705 3379 reliquis
728 3293 855 3358 fabulis.

293 3421 324 3481 5.
348 3416 398 3482 Ex
428 3417 544 3482 actoris
574 3437 732 3495 munere,
765 3416 853 3501 quod
876 3412 1051 3503 Aeschylus
1080 3413 1190 3483 Choro

248 3549 431 3603 constanter
453 3539 613 3623 injunxit,
636 3537 742 3624 sequi,
766 3539 935 3603 choreutas
957 3539 1057 3616 tales,
1081 3544 1189 3625 quales

248 3660 427 3742 prodeunt,
450 3673 646 3746 argumento
668 3682 732 3725 esse
753 3659 931 3744 aptissimos
954 3661 1076 3744 etipsa
1100 3681 1192 3727 com·

249 3780 407 3863 positione
429 3779 557 3844 tabulae
580 3780 747 3864 postulari.

293 3901 326 3967 6.
349 3899 389 3964 In
419 3897 644 3988 Supplicihus
686 3914 719 3966 et
751 3899 1007 3970 Eumenidibus
1040 3902 1189 3974 Chorum

250 4043 423 4105 personam
466 4025 626 4089 moralem
662 4023 765 4101 tueri,
801 4026 834 4089 in
878 4024 1002 4092 Persis
1040 4030 1191 4099 maximis
