<?xml version="1.0" encoding="UTF-8"?>
<!DOCTYPE html PUBLIC "-//W3C//DTD XHTML 1.0 Transitional//EN"
    "http://www.w3.org/TR/xhtml1/DTD/xhtml1-transitional.dtd">
<html xmlns="http://www.w3.org/1999/xhtml" xml:lang="en" lang="en">
 <head>
  <title>
</title>
<meta http-equiv="Content-Type" content="text/html;charset=utf-8" />
  <meta name='ocr-system' content='tesseract 3.04.00' />
  <meta name='ocr-capabilities' content='ocr_page ocr_carea ocr_par ocr_line ocrx_word'/>
</head>
<body>
  <div class='ocr_page' id='page_1' title='image "./dissertatiodech00ekkegoog_0057.png"; bbox 0 0 2902 5004; ppageno 0'>
   <div class='ocr_carea' id='block_1_1' title="bbox 728 329 886 382">
    <p class='ocr_par' dir='ltr' id='par_1_1' title="bbox 728 329 886 382">
     <span class='ocr_line' id='line_1_1' title="bbox 728 329 886 382; baseline 0 -13"><span class='ocrx_word' id='word_1_1' title='bbox 728 329 886 382; x_wconf 69' lang='lat'><strong>-42-</strong></span> 
     </span>
    </p>
   </div>
   <div class='ocr_carea' id='block_1_2' title="bbox 326 522 1279 2335">
    <p class='ocr_par' dir='ltr' id='par_1_2' title="bbox 328 522 1279 1345">
     <span class='ocr_line' id='line_1_2' title="bbox 336 522 1276 614; baseline 0.015 -27"><span class='ocrx_word' id='word_1_2' title='bbox 336 522 457 588; x_wconf 84' lang='lat' dir='ltr'>civibus</span> <span class='ocrx_word' id='word_1_3' title='bbox 480 546 512 588; x_wconf 88' lang='lat' dir='ltr'><strong>se</strong></span> <span class='ocrx_word' id='word_1_4' title='bbox 538 539 670 611; x_wconf 78' lang='lat' dir='ltr'><strong>gerant,</strong></span> <span class='ocrx_word' id='word_1_5' title='bbox 706 541 809 614; x_wconf 90' lang='lat' dir='ltr'>utque</span> <span class='ocrx_word' id='word_1_6' title='bbox 837 529 948 594; x_wconf 88' lang='lat' dir='ltr'>ambas</span> <span class='ocrx_word' id='word_1_7' title='bbox 981 534 1072 598; x_wconf 87' lang='lat' dir='ltr'>aedes</span> <span class='ocrx_word' id='word_1_8' title='bbox 1096 535 1276 602; x_wconf 83' lang='lat' dir='ltr'>habitatum</span> 
     </span>
     <span class='ocr_line' id='line_1_3' title="bbox 335 651 1164 735; baseline 0.017 -27"><span class='ocrx_word' id='word_1_9' title='bbox 335 660 421 722; x_wconf 84' lang='lat' dir='ltr'>eant,</span> <span class='ocrx_word' id='word_1_10' title='bbox 444 668 525 732; x_wconf 86' lang='lat' dir='ltr'>quas</span> <span class='ocrx_word' id='word_1_11' title='bbox 549 662 582 712; x_wconf 87' lang='lat' dir='ltr'><strong>et</strong></span> <span class='ocrx_word' id='word_1_12' title='bbox 601 669 659 713; x_wconf 84' lang='lat' dir='ltr'><strong>rex</strong></span> <span class='ocrx_word' id='word_1_13' title='bbox 683 663 716 715; x_wconf 88' lang='lat' dir='ltr'><strong>et</strong></span> <span class='ocrx_word' id='word_1_14' title='bbox 741 651 824 716; x_wconf 84' lang='lat' dir='ltr'>cives</span> <span class='ocrx_word' id='word_1_15' title='bbox 847 652 921 735; x_wconf 88' lang='lat' dir='ltr'>ipsis</span> <span class='ocrx_word' id='word_1_16' title='bbox 946 655 1164 722; x_wconf 76' lang='lat' dir='ltr'><strong>destinassent.</strong></span> 
     </span>
     <span class='ocr_line' id='line_1_4' title="bbox 380 767 1279 858; baseline 0.017 -27"><span class='ocrx_word' id='word_1_17' title='bbox 380 767 495 852; x_wconf 82' lang='lat' dir='ltr'>ltaque</span> <span class='ocrx_word' id='word_1_18' title='bbox 528 770 692 848; x_wconf 85' lang='lat' dir='ltr'>abiturae,</span> <span class='ocrx_word' id='word_1_19' title='bbox 728 795 745 836; x_wconf 90' lang='lat' dir='ltr'><strong>e</strong></span> <span class='ocrx_word' id='word_1_20' title='bbox 771 775 870 858; x_wconf 85' lang='lat' dir='ltr'>patris</span> <span class='ocrx_word' id='word_1_21' title='bbox 898 771 1073 854; x_wconf 82' lang='lat' dir='ltr'>mandate,</span> <span class='ocrx_word' id='word_1_22' title='bbox 1109 793 1279 846; x_wconf 80' lang='lat' dir='ltr'><strong>aeternam</strong></span> 
     </span>
     <span class='ocr_line' id='line_1_5' title="bbox 334 889 1278 986; baseline 0.013 -32"><span class='ocrx_word' id='word_1_23' title='bbox 334 889 461 977; x_wconf 76' lang='lat' dir='ltr'>Argivis</span> <span class='ocrx_word' id='word_1_24' title='bbox 492 891 631 978; x_wconf 78' lang='lat' dir='ltr'>gloriam</span> <span class='ocrx_word' id='word_1_25' title='bbox 665 909 842 978; x_wconf 80' lang='lat' dir='ltr'>precantur</span> <span class='ocrx_word' id='word_1_26' title='bbox 856 894 928 986; x_wconf 82' lang='lat' dir='ltr'>(l),</span> <span class='ocrx_word' id='word_1_27' title='bbox 960 897 1081 982; x_wconf 88' lang='lat' dir='ltr'>quibus</span> <span class='ocrx_word' id='word_1_28' title='bbox 1108 903 1278 966; x_wconf 84' lang='grc'><strong>9919991)-</strong></span> 
     </span>
     <span class='ocr_line' id='line_1_6' title="bbox 328 1013 1275 1107; baseline 0.012 -32"><span class='ocrx_word' id='word_1_29' title='bbox 328 1013 446 1096; x_wconf 85' lang='lat' dir='ltr'>jiciunt</span> <span class='ocrx_word' id='word_1_30' title='bbox 471 1034 532 1096; x_wconf 89' lang='lat' dir='ltr'>pro</span> <span class='ocrx_word' id='word_1_31' title='bbox 554 1036 611 1079; x_wconf 88' lang='lat' dir='ltr'><strong>sua</strong></span> <span class='ocrx_word' id='word_1_32' title='bbox 636 1015 783 1099; x_wconf 85' lang='lat' dir='ltr'>ipserum</span> <span class='ocrx_word' id='word_1_33' title='bbox 808 1017 1053 1096; x_wconf 87' lang='lat' dir='ltr'>incolumitate,</span> <span class='ocrx_word' id='word_1_34' title='bbox 1079 1021 1275 1107; x_wconf 84' lang='lat' dir='ltr'><strong>Lunamque</strong></span> 
     </span>
     <span class='ocr_line' id='line_1_7' title="bbox 332 1135 1210 1218; baseline 0.01 -22"><span class='ocrx_word' id='word_1_35' title='bbox 332 1156 416 1218; x_wconf 88' lang='lat' dir='ltr'>quae</span> <span class='ocrx_word' id='word_1_36' title='bbox 442 1135 588 1201; x_wconf 83' lang='lat' dir='ltr'>exoritur</span> <span class='ocrx_word' id='word_1_37' title='bbox 614 1148 646 1200; x_wconf 87' lang='lat' dir='ltr'><strong>et</strong></span> <span class='ocrx_word' id='word_1_38' title='bbox 668 1136 832 1204; x_wconf 81' lang='lat' dir='ltr'>Venerem</span> <span class='ocrx_word' id='word_1_39' title='bbox 856 1140 1210 1208; x_wconf 84' lang='lat' dir='ltr'>denuo.obtestantur:</span> 
     </span>
     <span class='ocr_line' id='line_1_8' title="bbox 858 1259 939 1345; baseline 0.037 -2"><span class='ocrx_word' id='word_1_40' title='bbox 858 1259 939 1345; x_wconf 71' lang='lat' dir='ltr'>rri&#39;</span> 
     </span>
    </p>

    <p class='ocr_par' dir='ltr' id='par_1_3' title="bbox 555 1368 1016 1462">
     <span class='ocr_line' id='line_1_9' title="bbox 555 1368 1016 1462; baseline 0.009 -18"><span class='ocrx_word' id='word_1_41' title='bbox 555 1381 611 1444; x_wconf 77' lang='grc' dir='ltr'><strong>ὑπ’</strong></span> <span class='ocrx_word' id='word_1_42' title='bbox 634 1381 776 1461; x_wconf 71' lang='grc' dir='ltr'><strong>ἀνάγκας</strong></span> <span class='ocrx_word' id='word_1_43' title='bbox 801 1387 899 1462; x_wconf 71' lang='grc' dir='ltr'><em>γάμος</em></span> <span class='ocrx_word' id='word_1_44' title='bbox 924 1368 1016 1448; x_wconf 61' lang='grc' dir='ltr'><strong><em>ἔλθοι</em></strong></span> 
     </span>
    </p>

    <p class='ocr_par' dir='ltr' id='par_1_4' title="bbox 327 1499 1271 1848">
     <span class='ocr_line' id='line_1_10' title="bbox 554 1499 805 1585; baseline 0.004 -21"><span class='ocrx_word' id='word_1_45' title='bbox 554 1499 735 1585; x_wconf 59' lang='lat' dir='ltr'>reciperer,</span> <span class='ocrx_word' id='word_1_46' title='bbox 759 1535 805 1550; x_wconf 92' lang='lat'><strong>·-</strong></span> 
     </span>
     <span class='ocr_line' id='line_1_11' title="bbox 328 1638 1271 1722; baseline 0.01 -22"><span class='ocrx_word' id='word_1_47' title='bbox 328 1638 449 1722; x_wconf 84' lang='lat' dir='ltr'>quippe</span> <span class='ocrx_word' id='word_1_48' title='bbox 469 1642 616 1704; x_wconf 92' lang='lat' dir='ltr'>nondum</span> <span class='ocrx_word' id='word_1_49' title='bbox 637 1642 727 1705; x_wconf 90' lang='lat' dir='ltr'>omni</span> <span class='ocrx_word' id='word_1_50' title='bbox 746 1663 822 1706; x_wconf 89' lang='lat' dir='ltr'>cura</span> <span class='ocrx_word' id='word_1_51' title='bbox 842 1641 963 1707; x_wconf 81' lang='lat' dir='ltr'>liberae</span> <span class='ocrx_word' id='word_1_52' title='bbox 978 1658 1064 1720; x_wconf 87' lang='lat' dir='ltr'>sunt,</span> <span class='ocrx_word' id='word_1_53' title='bbox 1087 1647 1271 1709; x_wconf 75' lang='lat' dir='ltr'>sedentum</span> 
     </span>
     <span class='ocr_line' id='line_1_12' title="bbox 327 1761 1094 1848; baseline 0.007 -24"><span class='ocrx_word' id='word_1_54' title='bbox 327 1781 400 1842; x_wconf 87' lang='lat' dir='ltr'>pars</span> <span class='ocrx_word' id='word_1_55' title='bbox 424 1761 558 1848; x_wconf 90' lang='lat' dir='ltr'>quidem</span> <span class='ocrx_word' id='word_1_56' title='bbox 588 1762 673 1827; x_wconf 85' lang='lat' dir='ltr'>Jovis</span> <span class='ocrx_word' id='word_1_57' title='bbox 695 1763 831 1828; x_wconf 88' lang='lat' dir='ltr'>numine</span> <span class='ocrx_word' id='word_1_58' title='bbox 856 1765 939 1828; x_wconf 85' lang='lat' dir='ltr'>frete</span> <span class='ocrx_word' id='word_1_59' title='bbox 964 1779 1030 1841; x_wconf 89' lang='lat' dir='ltr'>est,</span> <span class='ocrx_word' id='word_1_60' title='bbox 1054 1801 1094 1812; x_wconf 95' lang='lat'>—</span> 
     </span>
    </p>

    <p class='ocr_par' dir='ltr' id='par_1_5' title="bbox 553 1883 977 1967">
     <span class='ocr_line' id='line_1_13' title="bbox 553 1883 977 1967; baseline -0.005 -17"><span class='ocrx_word' id='word_1_61' title='bbox 553 1887 573 1950; x_wconf 85' lang='grc' dir='ltr'>ό</span> <span class='ocrx_word' id='word_1_62' title='bbox 592 1884 690 1967; x_wconf 79' lang='grc' dir='ltr'><em>μέγας</em></span> <span class='ocrx_word' id='word_1_63' title='bbox 717 1887 797 1958; x_wconf 72' lang='grc' dir='ltr'><strong>Ζεύς</strong></span> <span class='ocrx_word' id='word_1_64' title='bbox 819 1883 977 1961; x_wconf 70' lang='grc' dir='ltr'><em>ἀπαλέξαι</em></span> 
     </span>
    </p>

    <p class='ocr_par' dir='ltr' id='par_1_6' title="bbox 326 2007 1273 2335">
     <span class='ocr_line' id='line_1_14' title="bbox 551 2007 1061 2089; baseline -0.004 -18"><span class='ocrx_word' id='word_1_65' title='bbox 551 2011 652 2089; x_wconf 78' lang='grc' dir='ltr'><em>γάμον</em></span> <span class='ocrx_word' id='word_1_66' title='bbox 673 2007 902 2087; x_wconf 78' lang='grc' dir='ltr'><em>Αἰγυπτογενῆ</em></span> <span class='ocrx_word' id='word_1_67' title='bbox 925 2029 995 2088; x_wconf 78' lang='grc' dir='ltr'><strong>μοι,</strong></span> <span class='ocrx_word' id='word_1_68' title='bbox 1018 2041 1061 2054; x_wconf 92' lang='lat'><em>-</em></span> 
     </span>
     <span class='ocr_line' id='line_1_15' title="bbox 326 2124 1273 2209; baseline -0.003 -18"><span class='ocrx_word' id='word_1_69' title='bbox 326 2142 359 2192; x_wconf 88' lang='lat' dir='ltr'><strong>et</strong></span> <span class='ocrx_word' id='word_1_70' title='bbox 382 2129 444 2192; x_wconf 89' lang='grc'><strong>9199</strong></span> <span class='ocrx_word' id='word_1_71' title='bbox 471 2127 704 2192; x_wconf 88' lang='lat' dir='ltr'>confidendum</span> <span class='ocrx_word' id='word_1_72' title='bbox 728 2148 792 2192; x_wconf 85' lang='lat' dir='ltr'>esse</span> <span class='ocrx_word' id='word_1_73' title='bbox 822 2149 861 2191; x_wconf 86' lang='lat' dir='ltr'><strong>ex</strong></span> <span class='ocrx_word' id='word_1_74' title='bbox 893 2126 949 2190; x_wconf 85' lang='lat' dir='ltr'>liis</span> <span class='ocrx_word' id='word_1_75' title='bbox 981 2124 1053 2189; x_wconf 86' lang='lat' dir='ltr'>fatis</span> <span class='ocrx_word' id='word_1_76' title='bbox 1075 2127 1273 2209; x_wconf 80' lang='lat' dir='ltr'>fortunaque</span> 
     </span>
     <span class='ocr_line' id='line_1_16' title="bbox 326 2235 1272 2335; baseline -0.002 -23"><span class='ocrx_word' id='word_1_77' title='bbox 326 2235 448 2335; x_wconf 71' lang='lat' dir='ltr'>colligit</span> <span class='ocrx_word' id='word_1_78' title='bbox 460 2269 468 2325; x_wconf 93' lang='lat'>;</span> <span class='ocrx_word' id='word_1_79' title='bbox 506 2268 580 2330; x_wconf 85' lang='grc'><strong>9999</strong></span> <span class='ocrx_word' id='word_1_80' title='bbox 604 2268 681 2312; x_wconf 86' lang='lat' dir='ltr'>vero</span> <span class='ocrx_word' id='word_1_81' title='bbox 703 2249 814 2313; x_wconf 79' lang='lat' dir='ltr'>fatales</span> <span class='ocrx_word' id='word_1_82' title='bbox 838 2248 968 2331; x_wconf 86' lang='lat' dir='ltr'>nuptias</span> <span class='ocrx_word' id='word_1_83' title='bbox 992 2247 1173 2312; x_wconf 83' lang='lat' dir='ltr'>formidare</span> <span class='ocrx_word' id='word_1_84' title='bbox 1199 2267 1272 2330; x_wconf 89' lang='lat' dir='ltr'>per·</span> 
     </span>
    </p>
   </div>
   <div class='ocr_carea' id='block_1_3' title="bbox 325 2365 680 2457">
    <p class='ocr_par' dir='ltr' id='par_1_7' title="bbox 325 2365 680 2457">
     <span class='ocr_line' id='line_1_17' title="bbox 325 2365 680 2457; baseline 0.006 -26"><span class='ocrx_word' id='word_1_85' title='bbox 325 2369 373 2456; x_wconf 70' lang='lat' dir='ltr'><strong>gn</strong></span> <span class='ocrx_word' id='word_1_86' title='bbox 399 2365 457 2457; x_wconf 79' lang='lat' dir='ltr'><strong>(vs.</strong></span> <span class='ocrx_word' id='word_1_87' title='bbox 481 2365 680 2456; x_wconf 82' lang='lat' dir='ltr'>sse-1059).</span> 
     </span>
    </p>
   </div>
   <div class='ocr_carea' id='block_1_4' title="bbox 367 2784 1265 2874">
    <p class='ocr_par' dir='ltr' id='par_1_8' title="bbox 367 2784 1265 2874">
     <span class='ocr_line' id='line_1_18' title="bbox 367 2784 1265 2874; baseline 0 -24"><span class='ocrx_word' id='word_1_88' title='bbox 367 2786 459 2852; x_wconf 85' lang='lat' dir='ltr'>Hanc</span> <span class='ocrx_word' id='word_1_89' title='bbox 478 2808 610 2874; x_wconf 88' lang='lat' dir='ltr'>quoque</span> <span class='ocrx_word' id='word_1_90' title='bbox 627 2786 785 2861; x_wconf 87' lang='lat' dir='ltr'>fabulam,</span> <span class='ocrx_word' id='word_1_91' title='bbox 809 2785 835 2849; x_wconf 89' lang='lat' dir='ltr'>si</span> <span class='ocrx_word' id='word_1_92' title='bbox 847 2784 1116 2868; x_wconf 79' lang='lat' dir='ltr'>compositionem</span> <span class='ocrx_word' id='word_1_93' title='bbox 1132 2799 1265 2869; x_wconf 86' lang='lat' dir='ltr'>spectes,</span> 
     </span>
    </p>
   </div>
   <div class='ocr_carea' id='block_1_5' title="bbox 323 2905 1264 2994">
    <p class='ocr_par' dir='ltr' id='par_1_9' title="bbox 323 2905 1264 2994">
     <span class='ocr_line' id='line_1_19' title="bbox 323 2905 1264 2994; baseline -0.004 -20"><span class='ocrx_word' id='word_1_94' title='bbox 323 2909 463 2994; x_wconf 85' lang='lat' dir='ltr'>priscam</span> <span class='ocrx_word' id='word_1_95' title='bbox 494 2909 617 2973; x_wconf 87' lang='lat' dir='ltr'>referre</span> <span class='ocrx_word' id='word_1_96' title='bbox 650 2905 893 2990; x_wconf 87' lang='lat' dir='ltr'>simplicitatem</span> <span class='ocrx_word' id='word_1_97' title='bbox 921 2927 998 2969; x_wconf 85' lang='lat' dir='ltr'>curn</span> <span class='ocrx_word' id='word_1_98' title='bbox 1034 2907 1096 2971; x_wconf 84' lang='lat' dir='ltr'>alia</span> <span class='ocrx_word' id='word_1_99' title='bbox 1128 2908 1264 2984; x_wconf 77' lang='lat' dir='ltr'>docent,</span> 
     </span>
    </p>
   </div>
   <div class='ocr_carea' id='block_1_6' title="bbox 323 3091 483 3105">
    <p class='ocr_par' dir='ltr' id='par_1_10' title="bbox 323 3091 483 3105">
     <span class='ocr_line' id='line_1_20' title="bbox 323 3091 483 3105; baseline 0.013 -2"><span class='ocrx_word' id='word_1_100' title='bbox 323 3091 483 3105; x_wconf 48' lang='lat' dir='ltr'>m</span> 
     </span>
    </p>
   </div>
   <div class='ocr_carea' id='block_1_7' title="bbox 322 3204 1270 3951">
    <p class='ocr_par' dir='ltr' id='par_1_11' title="bbox 322 3204 1270 3951">
     <span class='ocr_line' id='line_1_21' title="bbox 360 3204 1261 3277; baseline -0.003 -13"><span class='ocrx_word' id='word_1_101' title='bbox 360 3204 404 3275; x_wconf 78' lang='lat'><strong>(1)</strong></span> <span class='ocrx_word' id='word_1_102' title='bbox 422 3212 467 3264; x_wconf 83' lang='lat' dir='ltr'><strong>Vs.</strong></span> <span class='ocrx_word' id='word_1_103' title='bbox 485 3213 541 3265; x_wconf 84' lang='grc'><strong>996</strong></span> <span class='ocrx_word' id='word_1_104' title='bbox 559 3225 617 3276; x_wconf 78' lang='lat' dir='ltr'><strong>sqq.</strong></span> <span class='ocrx_word' id='word_1_105' title='bbox 645 3211 767 3264; x_wconf 77' lang='lat' dir='ltr'>editores</span> <span class='ocrx_word' id='word_1_106' title='bbox 794 3212 824 3264; x_wconf 90' lang='lat' dir='ltr'>in</span> <span class='ocrx_word' id='word_1_107' title='bbox 844 3211 1016 3264; x_wconf 88' lang='grc'><strong>99991999919</strong></span> <span class='ocrx_word' id='word_1_108' title='bbox 1036 3210 1184 3277; x_wconf 66' lang='grc'><strong>9119199919</strong></span> <span class='ocrx_word' id='word_1_109' title='bbox 1214 3212 1261 3262; x_wconf 85' lang='grc'><strong>999</strong></span> 
     </span>
     <span class='ocr_line' id='line_1_22' title="bbox 323 3308 1268 3375; baseline -0.001 -15"><span class='ocrx_word' id='word_1_110' title='bbox 323 3309 570 3375; x_wconf 86' lang='grc'><strong>999911911991199,</strong></span> <span class='ocrx_word' id='word_1_111' title='bbox 599 3309 668 3361; x_wconf 87' lang='grc'><strong>11191.</strong></span> <span class='ocrx_word' id='word_1_112' title='bbox 687 3323 728 3372; x_wconf 79' lang='lat' dir='ltr'>gr.</span> <span class='ocrx_word' id='word_1_113' title='bbox 745 3308 799 3360; x_wconf 89' lang='grc'><strong>1111.</strong></span> <span class='ocrx_word' id='word_1_114' title='bbox 828 3323 857 3372; x_wconf 95' lang='grc'><strong>9.</strong></span> <span class='ocrx_word' id='word_1_115' title='bbox 875 3308 911 3361; x_wconf 75' lang='lat' dir='ltr'><strong>to</strong></span> <span class='ocrx_word' id='word_1_116' title='bbox 938 3317 978 3373; x_wconf 78' lang='lat' dir='ltr'><strong>sq:</strong></span> <span class='ocrx_word' id='word_1_117' title='bbox 1009 3309 1101 3372; x_wconf 84' lang='lat' dir='ltr'>plures</span> <span class='ocrx_word' id='word_1_118' title='bbox 1127 3309 1180 3358; x_wconf 89' lang='lat' dir='ltr'><strong>boc</strong></span> <span class='ocrx_word' id='word_1_119' title='bbox 1207 3309 1268 3360; x_wconf 90' lang='lat' dir='ltr'>loco</span> 
     </span>
     <span class='ocr_line' id='line_1_23' title="bbox 322 3403 1263 3469; baseline 0 -13"><span class='ocrx_word' id='word_1_120' title='bbox 322 3418 401 3456; x_wconf 85' lang='grc'><strong>99999</strong></span> <span class='ocrx_word' id='word_1_121' title='bbox 428 3405 631 3468; x_wconf 84' lang='lat' dir='ltr'>sententiaeque</span> <span class='ocrx_word' id='word_1_122' title='bbox 658 3410 686 3458; x_wconf 89' lang='lat' dir='ltr'><strong>et</strong></span> <span class='ocrx_word' id='word_1_123' title='bbox 713 3405 920 3457; x_wconf 88' lang='grc'><strong>99999991199999</strong></span> <span class='ocrx_word' id='word_1_124' title='bbox 954 3410 1066 3457; x_wconf 83' lang='lat' dir='ltr'>centum</span> <span class='ocrx_word' id='word_1_125' title='bbox 1093 3403 1263 3469; x_wconf 68' lang='grc'><strong>99991991999</strong></span> 
     </span>
     <span class='ocr_line' id='line_1_24' title="bbox 322 3497 1267 3565; baseline -0.002 -13"><span class='ocrx_word' id='word_1_126' title='bbox 322 3498 487 3552; x_wconf 78' lang='lat' dir='ltr'>divisionem</span> <span class='ocrx_word' id='word_1_127' title='bbox 514 3505 606 3552; x_wconf 81' lang='lat' dir='ltr'>eutem</span> <span class='ocrx_word' id='word_1_128' title='bbox 633 3501 664 3554; x_wconf 89' lang='lat' dir='ltr'>in</span> <span class='ocrx_word' id='word_1_129' title='bbox 693 3499 864 3553; x_wconf 84' lang='lat' dir='ltr'>bernicborie</span> <span class='ocrx_word' id='word_1_130' title='bbox 891 3513 975 3565; x_wconf 88' lang='grc'><strong>9999,</strong></span> <span class='ocrx_word' id='word_1_131' title='bbox 1012 3513 1062 3551; x_wconf 89' lang='grc'><strong>999</strong></span> <span class='ocrx_word' id='word_1_132' title='bbox 1100 3497 1155 3549; x_wconf 85' lang='lat' dir='ltr'>nisi</span> <span class='ocrx_word' id='word_1_133' title='bbox 1182 3498 1267 3552; x_wconf 84' lang='lat' dir='ltr'>certis</span> 
     </span>
     <span class='ocr_line' id='line_1_25' title="bbox 322 3595 1270 3663; baseline -0.001 -13"><span class='ocrx_word' id='word_1_134' title='bbox 322 3597 532 3650; x_wconf 83' lang='lat' dir='ltr'>conditionibus</span> <span class='ocrx_word' id='word_1_135' title='bbox 560 3599 689 3652; x_wconf 81' lang='lat' dir='ltr'>obticere</span> <span class='ocrx_word' id='word_1_136' title='bbox 716 3603 814 3663; x_wconf 84' lang='grc'><strong>99191,</strong></span> <span class='ocrx_word' id='word_1_137' title='bbox 843 3598 927 3649; x_wconf 79' lang='lat' dir='ltr'>vetuti</span> <span class='ocrx_word' id='word_1_138' title='bbox 962 3597 992 3648; x_wconf 91' lang='grc'><strong>19</strong></span> <span class='ocrx_word' id='word_1_139' title='bbox 1023 3597 1096 3660; x_wconf 76' lang='lat' dir='ltr'>sept„</span> <span class='ocrx_word' id='word_1_140' title='bbox 1125 3610 1149 3648; x_wconf 91' lang='lat' dir='ltr'><strong>c.</strong></span> <span class='ocrx_word' id='word_1_141' title='bbox 1180 3595 1270 3649; x_wconf 81' lang='lat' dir='ltr'>Theb.</span> 
     </span>
     <span class='ocr_line' id='line_1_26' title="bbox 323 3692 1269 3758; baseline -0.001 -12"><span class='ocrx_word' id='word_1_142' title='bbox 323 3709 361 3748; x_wconf 86' lang='grc'><strong>99.</strong></span> <span class='ocrx_word' id='word_1_143' title='bbox 387 3693 462 3747; x_wconf 79' lang='grc'><strong>11198</strong></span> <span class='ocrx_word' id='word_1_144' title='bbox 490 3695 536 3748; x_wconf 83' lang='lat' dir='ltr'><strong>ed.</strong></span> <span class='ocrx_word' id='word_1_145' title='bbox 564 3695 643 3748; x_wconf 89' lang='lat' dir='ltr'>Wett.</span> <span class='ocrx_word' id='word_1_146' title='bbox 670 3700 698 3747; x_wconf 89' lang='lat' dir='ltr'><strong>et</strong></span> <span class='ocrx_word' id='word_1_147' title='bbox 725 3695 800 3758; x_wconf 82' lang='lat' dir='ltr'>epod</span> <span class='ocrx_word' id='word_1_148' title='bbox 827 3693 991 3758; x_wconf 85' lang='lat' dir='ltr'>Sophoclem</span> <span class='ocrx_word' id='word_1_149' title='bbox 1019 3695 1063 3757; x_wconf 70' lang='lat' dir='ltr'><strong>tr.</strong></span> <span class='ocrx_word' id='word_1_150' title='bbox 1091 3705 1129 3744; x_wconf 86' lang='grc'><strong>99.</strong></span> <span class='ocrx_word' id='word_1_151' title='bbox 1149 3692 1206 3745; x_wconf 80' lang='grc'><strong>817</strong></span> <span class='ocrx_word' id='word_1_152' title='bbox 1224 3695 1269 3754; x_wconf 82' lang='grc'><strong>99,</strong></span> 
     </span>
     <span class='ocr_line' id='line_1_27' title="bbox 323 3790 1268 3856; baseline 0 -14"><span class='ocrx_word' id='word_1_153' title='bbox 323 3791 423 3844; x_wconf 82' lang='lat' dir='ltr'>Wund.</span> <span class='ocrx_word' id='word_1_154' title='bbox 443 3816 479 3828; x_wconf 90' lang='lat'>-</span> <span class='ocrx_word' id='word_1_155' title='bbox 512 3790 633 3844; x_wconf 80' lang='lat' dir='ltr'>Linduer</span> <span class='ocrx_word' id='word_1_156' title='bbox 664 3796 761 3845; x_wconf 88' lang='grc'><strong>999199</strong></span> <span class='ocrx_word' id='word_1_157' title='bbox 790 3791 861 3855; x_wconf 83' lang='lat' dir='ltr'>disp.</span> <span class='ocrx_word' id='word_1_158' title='bbox 888 3791 1008 3855; x_wconf 88' lang='grc'><strong>999991.</strong></span> <span class='ocrx_word' id='word_1_159' title='bbox 1028 3791 1130 3855; x_wconf 69' lang='lat' dir='ltr'>ntro</span> <span class='ocrx_word' id='word_1_160' title='bbox 1149 3803 1209 3856; x_wconf 78' lang='lat' dir='ltr'><strong>sqq·</strong></span> <span class='ocrx_word' id='word_1_161' title='bbox 1228 3792 1268 3843; x_wconf 90' lang='grc'><strong>91·</strong></span> 
     </span>
     <span class='ocr_line' id='line_1_28' title="bbox 323 3885 1266 3951; baseline -0.001 -12"><span class='ocrx_word' id='word_1_162' title='bbox 323 3888 419 3940; x_wconf 88' lang='lat' dir='ltr'>timum</span> <span class='ocrx_word' id='word_1_163' title='bbox 440 3889 493 3940; x_wconf 90' lang='lat' dir='ltr'><strong>boe</strong></span> <span class='ocrx_word' id='word_1_164' title='bbox 512 3887 595 3940; x_wconf 86' lang='lat' dir='ltr'>Cbori</span> <span class='ocrx_word' id='word_1_165' title='bbox 614 3902 724 3942; x_wconf 84' lang='lat' dir='ltr'>carmen</span> <span class='ocrx_word' id='word_1_166' title='bbox 743 3888 800 3940; x_wconf 87' lang='grc'><strong>9199</strong></span> <span class='ocrx_word' id='word_1_167' title='bbox 827 3901 843 3939; x_wconf 90' lang='grc'><strong>9</strong></span> <span class='ocrx_word' id='word_1_168' title='bbox 863 3888 880 3939; x_wconf 87' lang='grc'><strong>3</strong></span> <span class='ocrx_word' id='word_1_169' title='bbox 901 3885 985 3951; x_wconf 86' lang='lat' dir='ltr'>primi</span> <span class='ocrx_word' id='word_1_170' title='bbox 1006 3887 1114 3940; x_wconf 86' lang='grc'><strong>9991919</strong></span> <span class='ocrx_word' id='word_1_171' title='bbox 1132 3885 1266 3939; x_wconf 84' lang='grc'><strong>11999191·</strong></span> 
     </span>
    </p>
   </div>
   <div class='ocr_carea' id='block_1_8' title="bbox 292 3984 1368 4052">
    <p class='ocr_par' dir='ltr' id='par_1_12' title="bbox 292 3984 1368 4052">
     <span class='ocr_line' id='line_1_29' title="bbox 292 3984 1368 4052; baseline -0.002 -15"><span class='ocrx_word' id='word_1_172' title='bbox 292 3984 295 3990; x_wconf 90' lang='grc'><strong>’</strong></span> <span class='ocrx_word' id='word_1_173' title='bbox 323 3989 392 4048; x_wconf 85' lang='lat' dir='ltr'>bus,</span> <span class='ocrx_word' id='word_1_174' title='bbox 413 3986 470 4038; x_wconf 86' lang='grc'><strong>9199</strong></span> <span class='ocrx_word' id='word_1_175' title='bbox 489 4001 504 4037; x_wconf 87' lang='grc'><strong>9</strong></span> <span class='ocrx_word' id='word_1_176' title='bbox 524 3985 644 4038; x_wconf 78' lang='grc'><strong>3119991</strong></span> <span class='ocrx_word' id='word_1_177' title='bbox 664 3987 790 4052; x_wconf 87' lang='grc'><strong>99911999</strong></span> <span class='ocrx_word' id='word_1_178' title='bbox 809 3990 951 4040; x_wconf 84' lang='lat' dir='ltr'>cantatum</span> <span class='ocrx_word' id='word_1_179' title='bbox 972 3985 1155 4041; x_wconf 69' lang='grc'><strong>9999999919</strong></span> <span class='ocrx_word' id='word_1_180' title='bbox 1185 3984 1265 4050; x_wconf 78' lang='lat' dir='ltr'>Quod</span> <span class='ocrx_word' id='word_1_181' title='bbox 1363 4033 1368 4044; x_wconf 74' lang='grc'><strong>,</strong></span> 
     </span>
    </p>
   </div>
   <div class='ocr_carea' id='block_1_9' title="bbox 323 4084 608 4151">
    <p class='ocr_par' dir='ltr' id='par_1_13' title="bbox 323 4084 608 4151">
     <span class='ocr_line' id='line_1_30' title="bbox 323 4084 608 4151; baseline 0 -15"><span class='ocrx_word' id='word_1_182' title='bbox 323 4086 397 4138; x_wconf 89' lang='grc'><strong>9999</strong></span> <span class='ocrx_word' id='word_1_183' title='bbox 415 4084 608 4151; x_wconf 83' lang='lat' dir='ltr'>improbabile.</span> 
     </span>
    </p>
   </div>
   <div class='ocr_carea' id='block_1_10' title="bbox 0 0 1456 5004">
    <p class='ocr_par' dir='ltr' id='par_1_14' title="bbox 0 0 1456 5004">
     <span class='ocr_line' id='line_1_31' title="bbox 0 0 1456 5004; baseline 0 1"><span class='ocrx_word' id='word_1_184' title='bbox 0 0 1456 5004; x_wconf 95' lang='lat' dir='ltr'><strong> </strong></span> 
     </span>
    </p>
   </div>
  </div>
 </body>
</html>
