3016 5000
596 325 754 384 ..47-

242 529 380 598 Interim
412 525 557 592 Eteocles
593 523 769 600 nuntium,
806 523 893 586 unde
912 542 997 587 nova
1020 525 1060 588 de
1084 525 1143 588 ho·

198 653 298 718 stium
333 648 433 734 copiis
466 644 666 730 comperiat,
689 645 757 728 jem
784 643 913 708 rediisse
936 654 1047 718 ratus,
1071 667 1147 711 con·

199 774 307 839 festim
330 773 364 836 in
387 789 519 836 scenam
539 765 728 838 revertitur.
779 763 825 828 At
847 763 904 828 ubi
925 764 1065 852 virgines
1085 778 1149 832 ter·

198 916 273 960 rore
296 892 433 958 afflictas
459 888 600 964 invenit,
624 889 838 952 vehementer
860 906 975 950 earum
1003 905 1151 970 praesen-

200 1016 281 1081 tiam
303 991 497 1096 ἰιιψιοὴειι,Υ
515 1009 637 1094 quippe
662 1029 745 1094 quae
774 1006 1063 1074 lamentationibus
1087 1007 1150 1073 suis

197 1134 324 1201 nivium
348 1132 473 1198 animos
497 1132 661 1217 frangant.
707 1127 785 1202 lllee
798 1149 1059 1206 ver0‚sermone
1072 1150 1160 1222 eum-

201 1275 278 1341 rege
304 1252 472 1329 instituto,
496 1250 618 1318 venisse
646 1271 680 1315 se
699 1251 802 1336 *ajunt
826 1263 951 1316 terrore
970 1251 1048 1316 belli
1068 1263 1151 1318 atto-

201 1375 307 1450 nitas,
340 1386 378 1438 ut
401 1375 476 1438 deos
498 1392 559 1456 pro
583 1371 708 1438 civium
727 1373 830 1437 salute
853 1371 1071 1456 deprecentur
1091 1369 1150 1462 (vs.

207 1495 285 1570 185,
311 1493 373 1558 193
393 1490 493 1578 sqq).
539 1491 664 1558 Deinde
687 1491 897 1558 insolentiores
906 1492 1044 1559 Eteoclis
1053 1493 1153 1560 verba

207 1613 385 1700 corrigunt,
398 1615 602 1699 deorumque
614 1635 716 1699 quam
728 1635 787 1679 rex
801 1613 893 1698 parvi
906 1617 1012 1680 lacere
1025 1615 1154 1682 videtur

205 1734 386 1818 potentiam
409 1733 557 1800 leudibus
578 1737 760 1816 extollunt,
784 1735 1150 1823 quippequorumgra-
1261 1793 1266 1802 .

203 1855 248 1920 tia
270 1845 396 1921 frictum
420 1857 481 1935 sit,
505 1869 543 1921 ut
567 1877 627 1939 per
652 1876 753 1920 omne
778 1870 908 1942 tempus
931 1858 1041 1922 civitas
1061 1859 1155 1922 ineo·

204 1975 301 2040 lumis
326 1977 452 2040 steterit
475 1974 533 2065 (vs.
559 1977 644 2054 201,
667 1977 756 2052 208,
780 1979 845 2042 215
869 1976 957 2066 sqq).
1003 1975 1152 2061 Strepitu

207 2106 320 2166 temen
346 2095 442 2169 belli,
480 2115 548 2179 quo
579 2097 650 2180 jam
683 2097 788 2184 magis
822 2098 991 2186 magisque
1026 2114 1155 2166 resonet

209 2237 323 2290 scens,
347 2217 427 2282 adeo
454 2229 699 2300 perterrentur,
718 2230 755 2282 ut
778 2218 907 2286 crebras
930 2223 1076 2304 querelas
1097 2219 1155 2285 ob-

208 2337 478 2422 testationesque,
515 2337 617 2402 invito
659 2339 758 2404 etiem
789 2361 885 2427 rege,
922 2341 1037 2418 edent;
1078 2341 1155 2426 qui,

207 2472 381 2545 postquam
418 2462 539 2526 frustra
570 2481 689 2544 poenes
721 2461 757 2524 iis
788 2460 930 2536 minatus
955 2475 1022 2544 est,
1048 2461 1155 2528 amice

208 2593 241 2646 et
266 2581 385 2646 blande
416 2581 629 2666 supplicando
658 2585 790 2649 tandem
825 2583 1000 2668 impetret,
1032 2595 1071 2648 ut
1093 2583 1154 2648 sihi

208 2701 362 2775 obediant
396 2715 477 2768 eta
510 2703 648 2788 querelis
670 2705 863 2770 abstineant.
908 2703 1002 2774 Nem,
1016 2705 1154 2771 instante

207 2823 353 2906 periculo
379 2823 440 2889 sibi
466 2846 577 2890 arcem
606 2825 836 2892 introeundsm
860 2849 924 2892 esse
947 2839 980 2891 et
1002 2829 1043 2892 de
1069 2827 1155 2890 The·

208 2945 376 3014 benorurn
402 2926 538 3018 dueibiss
569 2967 651 3033 quos
683 2946 811 3034 Argivis
844 2959 989 3032 opponat
1031 2947 1156 3033 eligen'

209 3065 273 3142 dis,
294 3067 384 3148 prius
408 3089 520 3152 quam.
533 3069 618 3134 noni·
632 3068 741 3136 nuntii
767 3068 935 3144 venerint,
969 3067 1151 3137 deliberan-

207 3185 306 3254 dum:
330 3186 398 3254 illas
422 3187 554 3252 interim
579 3211 696 3255 canere
712 3189 809 3274 jubet
827 3211 955 3257 sacrum
977 3211 1154 3286 perennem,

209 3337 367 3354 m

351 3428 404 3482 Tot
422 3429 445 3482 U
464 3437 526 3492 met,
538 3433 696 3496 opgsheven
717 3433 827 3486 handen

352 3525 488 3592 Gebregn
509 3540 525 3578 ο
546 3527 617 3579 llere
637 3529 750 3591 (leden,
770 3531 848 3582 redt!

352 3620 452 3674 Treedt
472 3636 516 3674 sm
536 3625 570 3674 de
590 3625 650 3676 stad
671 3626 827 3677 serlossend
848 3628 934 3679 heen:

352 3716 444 3769 'l'osnt
463 3719 511 3770 (lat
531 3733 562 3770 ze
582 3735 600 3772 u
620 3719 670 3771 liet
686 3720 736 3790 lst,
756 3723 798 3787 Gu
819 3723 867 3774 die
885 3725 923 3776 lst

355 3813 395 3864 En
416 3814 517 3869 tneslet
537 3829 576 3880 op
596 3818 646 3868 der
666 3819 779 3870 rottren
801 3820 977 3874 offerendos:

353 3907 395 3960 ltu
414 3912 447 3974 zu
470 3926 511 3963 uw
531 3914 615 3977 hulpe
635 3929 668 3964 en
689 3915 793 3978 toezigt
812 3917 878 3971 ten!
1061 3973 1064 3982 ,

358 4005 500 4060 ilerdenkt
519 4011 583 4062 toeh
603 4001 638 4061 de
655 4013 745 4072 offers,
766 4012 813 4064 dle
832 4013 862 4066 in
882 4014 974 4066 Thebe
995 4016 1155 4083 brandeum,

361 4101 400 4153 lle
419 4105 503 4169 bludo
523 4109 623 4159 leesten
644 4121 695 4159 ven
717 4111 875 4162 soorheen!
