3016 5000
781 339 937 393 -50-

389 544 513 608 essent,
558 529 647 598 haud
679 533 745 598 sine
783 555 927 600 summa.
943 537 1108 610 moestitia
1152 559 1328 628 agnoscunt

390 657 450 744 (vs.
475 653 647 744 lassos).
670 689 726 708 ..,
749 656 804 720 De¹
829 657 955 744 integro
988 678 1102 724 canere
1133 665 1330 750 aggrediun-

388 789 462 853 tur,
509 779 646 840 salutem
691 776 780 844 urbis
824 781 961 865 deosque
1003 783 1190 866 sospitantes
1228 807 1332 870 paene

388 897 522 974 oblitae,
546 909 584 960 ut
605 897 737 974 „diram
760 901 927 966 hastarum
952 903 1213 970 conflictionem''
1237 910 1330 994 luge-

388 1032 445 1084 ant
467 1032 500 1083 et
522 1018 690 1104 utriusque
712 1021 917 1086 acerbissimo
941 1027 1009 1090 fato
1031 1027 1253 1114 ingemiscant.

431 1141 553 1204 Deinde
576 1139 772 1206 Arrrcorrn
795 1155 827 1208 et
850 1143 1010 1224 Isrrnrrr,
1034 1170 1118 1232 quae
1140 1154 1326 1232 prodeunt,

388 1261 526 1347 benigne
548 1263 661 1328 effatae
683 1249 836 1329 sororum*
864 1268 1032 1332 fortunam
1065 1293 1105 1334 ex
1128 1271 1238 1336 animo
1261 1274 1329 1338 mi-

386 1395 553 1462 serantum
578 1395 610 1447 et
632 1359 691 1466 per
713 1385 914 1453 hemichoria
936 1390 1035 1454 modo
1059 1393 1199 1472 expletas
1211 1392 1329 1475 Oedipi

388 1505 616 1569 exsecrationes
650 1507 927 1596 reminiscuntur,
959 1511 1060 1572 modo
1087 1511 1223 1577 miserae
1245 1513 1328 1578 filio·

385 1645 462 1688 rum
477 1626 563 1690 'sorti
586 1625 791 1711 illacrymant
812 1626 876 1713 (vsi
900 1627 1074 1712 804-937).

433 1743 581 1811 Chorum
621 1744 798 1828 excipiunt
828 1756 979 1812 sororum
1014 1748 1169 1830 naeniae,
1210 1753 1330 1838 quibus

378 1839 556 1951 ¹utriusque
595 1867 703 1931 fratris
738 1841 881 1932 mortem
912 1871 1091 1956 mortisque
1124 1875 1262 1938 modum
1296 1851 1329 1938 et

388 2010 480 2053 suam
492 2001 589 2072 atque
602 1989 706 2075 gentis
718 1989 882 2053 miseriam
893 1993 1027 2055 solemni
1039 1991 1259 2080 modolugent
1268 1993 1327 2083 (1).

432 2109 510 2174 Mox
534 2131 633 2186 vero,
657 2112 735 2175 dum
761 2113 828 2194 jam
851 2111 891 2174 de
914 2115 1085 2178 communi
1117 2117 1260 2180 fratrum
1282 2138 1330 2182 se-

386 2237 519 2318 pultura
541 2231 737 2308 deliberant,
761 2233 891 2300 alternis
914 2233 963 2296 his
986 2235 1146 2299 versibus:

471 2353 549 2420 Ant.
642 2354 679 2418 ἰὼ
696 2353 757 2427 to,
782 2355 840 2417 ποῦ
865 2375 921 2436 σφε
943 2359 1080 2437 θήσομεν
1103 2363 1232 2441 pilorum

472 2475 549 2540 Ism.
649 2474 685 2538 ἰὼ
709 2475 766 2551 ἰὼ,
789 2475 868 2541 ὅπου
890 2477 1091 2562 τιμιώτατον.
1127 2517 1129 2526 ,
1219 2541 1221 2548 ,

334 2665 336 2672 ,
431 2602 509 2662 Ant.
534 2607 566 2660 et
598 2595 674 2660 Ism.
721 2595 757 2658 ἶὼ
789 2603 877 2678 πῆμα
908 2599 1004 2682 πατρὶ
1037 2573 1190 2682 consutor
1206 2594 1257 2684 (2)
1285 2635 1329 2648 -

387 2739 508 2783 rnnncn
539 2716 704 2782 renuntiat
727 2713 816 2779 urbis
849 2717 1010 2799 principes
1041 2717 1163 2782 Eteocli
1194 2719 1329 2804 quidem

303 2829 304 2832 ¹
388 2843 571 2922 sepulturae
601 2840 737 2900 honores
770 2837 963 2932 decrevisse,
999 2836 1155 2925 Polynicis
1178 2862 1254 2905 vero
1277 2863 1331 2905 ca-

388 2950 497 3037 daver,
522 2959 632 3046 utqui
650 2957 755 3023 hostili
775 2979 876 3023 manu
892 2959 1034 3042 patriam
1056 2957 1223 3046 aggressus
1240 2975 1329 3037 esset,

390 3084 602 3148 inhumatum
626 3071 658 3146 et
680 3081 872 3146 indefletum
895 3080 1008 3166 projici
1029 3083 1174 3176 jussisses

433 3202 560 3290 Quibus
583 3202 742 3268 mandatis
776 3204 892 3268 acriter
914 3203 1134 3281 intercedens,
1167 3198 1332 3288 Antigone

425 3415 469 3488 (1)
488 3413 704 3475 Celebrstissims
720 3411 781 3472 'iila
800 3423 925 3474 diverbia
945 3421 1043 3486 gallice
1062 3421 1212 3504 expressit,
1233 3435 1328 3485 quem·
1381 3495 1385 3502 ν

390 3521 430 3573 ils
457 3519 589 3582 liberius,
628 3524 657 3570 at
686 3517 874 3570 venustissime
903 3524 992 3570 tamen
1022 3516 1136 3568 casimir
1164 3516 1329 3583 Uolusiano,

356 3587 360 3606 ι
391 3635 419 3684 p.
437 3619 500 3671 17⁷.
520 3618 561 3670 cd.
581 3617 660 3670 Laur.

428 3710 472 3780 (ἱ)
661 3713 806 3765 Amicam.

558 3811 599 3864 01¹1
619 3812 656 3868 iss
674 3809 829 3876 ensereiir?

669 3918 774 3971 isuirr.
875 3969 877 3974 .

824 3993 847 4042 A
865 3989 927 4044 cote
946 3989 980 4040 de
998 3990 1058 4040 leur
1078 3990 1163 4053 pere:

824 4091 846 4141 ΙΙ
866 4091 907 4142 tut
926 4086 1067 4140 intortune
1087 4099 1190 4140 comme
1209 4097 1270 4137 eun
