2902 5004
665 335 888 389 ·-30-

1267 420 1270 426 =
1382 379 1385 448 l

342 534 437 600 sacris
459 533 604 599 adhiberi
626 533 739 598 solita:
763 509 847 618 quae
868 533 949 596 dum
972 505 1039 615 ipsa
1063 534 1168 597 lacere
1192 531 1285 595 insti.
1374 571 1379 578 ·

343 653 424 728 tuit,
448 653 518 718 illos
543 666 656 740 rogat,
679 665 716 716 ut
745 652 876 716 interim
900 651 989 715 Darii
1013 651 1167 716 umbram
1192 671 1210 713 e
1232 663 1286 713 tu·

343 776 434 837 mulo
456 774 658 838 exsuscitent.

388 892 568 959 Confestim
591 889 717 958 Chorus
741 893 781 955 ad
804 899 916 973 preces
938 913 971 956 se
992 890 1109 955 vertit:
1134 889 1285 972 primum

342 1013 523 1077 obtestatur
555 1012 629 1074 deos
652 975 833 1074 inferos'ut
854 1010 999 1074 defuncti
1024 1009 1111 1094 regis
1139 1003 1285 1072 animam

343 1134 377 1197 in
409 1135 517 1196 lucem
552 1131 683 1216 prodire
711 1131 837 1196 sinant:
872 1144 946 1195 tum
979 1131 1087 1216 ipsum
1111 1145 1284 1196 mortuum

343 1255 493 1319 invocans
527 1253 675 1318 laudibus
699 1255 862 1331 cumulat3
887 1253 1010 1338 quippe
1033 1253 1089 1338 qui
1114 1254 1191 1318 olim
1218 1255 1286 1318 »di-

343 1377 437 1442 vinus
483 1377 608 1440 audiret
649 1375 820 1440 Persarum
863 1375 1080 1452 consiliator,‘’
1125 1375 1286 1462 hodieque

344 1498 449 1562 »solus
484 1495 695 1574 mortalium,
727 1494 759 1559 si*
783 1493 862 1580 quid
884 1495 1019 1558 remedii
1040 1495 1098 1570 sit,
1122 1489 1285 1559 malorum

344 1618 446 1681 finem
469 1616 610 1681 indicare
630 1616 750 1700 possit”
777 1616 835 1706 (vs.
860 1616 1038 1705 ota-666).
1083 1655 1087 1668 ·

389 1735 617 1801 Exaudiuntur
639 1757 748 1820 preces
763 1763 774 1826 :¹
802 1759 819 1801 e
848 1741 978 1802 tumulo
1002 1739 1151 1821 prodiens
1173 1761 1286 1804 armus

344 1859 464 1924 amicos
486 1859 604 1924 blande
627 1860 764 1956 affatur,
798 1873 832 1924 et
856 1859 939 1924 tanti
962 1862 1067 1924 luctus
1096 1859 1211 1945 suique
1235 1883 1286 1926 ar-

345 1982 484 2047 cessendi
517 2003 661 2048 caussam
698 1981 739 2044 ab
763 1981 799 2044 iis
815 1981 965 2066 quaerit,
991 1994 1024 2044 at
1048 1981 1092 2044 illi
1115 1983 1206 2048 solita
1230 1985 1287 2046 ad*

344 2119 452 2162 versus
475 2098 809 2184 regemverecundia,
823 2098 880 2162 etsi
902 2099 1004 2161 semel
1027 2098 1213 2182 iterumque
1234 2119 1286 2174 ro,—

345 2215 430 2298 gati‚
451 2215 645 2297 respondere
657 2223 854 2279 cunctantur
879 2212 936 2302 (r's.
952 2215 1019 2278 680
1030 2237 1102 2300 sqq.
1118 2215 1183 2278 686
1198 2213 1285 2302 sqq.)

344 2334 395 2397 Ex
417 2353 484 2418 quo
514 2333 625 2397 Atussa
656 2351 769 2398 eorum
793 2345 900 2416 partes
922 2333 1093 2416 suscipiens
1116 2335 1288 2398 calamito-

343 2477 416 2519 sum
440 2455 498 2518 filii
519 2456 580 2519 iter
602 2455 720 2520 marito
741 2457 863 2519 referre
887 2456 1085 2543 aggreditur,
1110 2477 1174 2540 qua
1193 2457 1233 2519 de
1252 2477 1288 2548 re

344 2579 425 2640 dum
450 2577 548 2641 ambo
571 2579 817 2662 colloquuntur,
840 2575 967 2643 Chorus
990 2578 1107 2644 tacitus
1130 2579 1288 2643 sermoni·

344 2702 404 2764 bus
427 2701 514 2766 adest
552 2722 612 2764 nec
644 2701 733 2784 prius
760 2701 993 2784 interloquitur
1016 2721 1116 2786 quam
1142 2701 1199 2765 ubi
1223 2703 1289 2766 Da·

343 2821 428 2895 rius,
452 2819 580 2903 imperii
598 2831 719 2884 sortem
743 2819 960 2899 considerans,
981 2821 1112 2907 agnovit
1124 2835 1288 2906 quantum

343 2963 491 3024 praesens
514 2964 626 3007 rerum
651 2942 795 3006 conditio
814 2965 833 3006 a
856 2943 1021 3026 superiore
1042 2943 1186 3008 differat:
1212 2928 1287 3008 tum

343 3067 478 3128 demum
503 3063 647 3140 Chorus,
671 3086 796 3129 caussae
819 3065 861 3129 ob
885 3087 986 3150 quam
999 3063 1137 3130 Darium
1155 3065 1290 3130 invoca-

343 3197 433 3248 verat
456 3204 597 3259 memor,
620 3183 661 3246 ab
693 3185 761 3266 ipso
784 3187 948 3256 malorum
972 3184 1155 3250 remedium
1180 3186 1288 3252 scisci-¹

344 3311 443 3363 tatur.
474 3296 570 3382 Quod
591 3298 645 3362 ille
668 3285 707 3362 eo
730 3301 888 3364 contineri
905 3315 1009 3385 putat,
1032 3316 1069 3366 ut
1092 3323 1176 3370 nova
1200 3318 1288 3388 posta

343 3421 404 3482 hac
427 3418 685 3501 expeditione-in
709 3418 879 3487 Graeciam
903 3423 1097 3502 abstineant,¹
1119 3448 1196 3491 cum
1212 3427 1288 3492 alias

344 3535 386 3600 ob
410 3555 549 3609 caumas,
574 3548 646 3599 tum
676 3538 765 3621 quod
800 3538 959 3622 ejusmodi
992 3540 1032 3604 sit
1064 3542 1201 3629 regionis
1230 3565 1288 3609 na-

345 3665 437 3728 tura,
472 3665 510 3716 ut
542 3665 610 3718 tam
634 3655 800 3742 ingentem
825 3657 1005 3723 exercitum
1027 3674 1205 3728 sustentare
1227 3685 1288 3728 ne-

345 3784 469 3854 queat3,
505 3790 606 3854 quare
639 3773 820 3855 quamlibet
848 3776 1087 3859 expeditionem
1110 3801 1148 3846 eo
1181 3804 1289 3852 susce÷

343 3903 434 3971 ptam
459 3893 585 3956 malum
608 3905 760 3958 eventum
782 3895 989 3972 babituram.
1022 3896 1131 3985 Quam
1154 3916 1289 3967 senten-

342 4013 421 4076 tiam
452 4011 564 4078 Cboro
597 4014 800 4082 addubitanti
831 4019 949 4102 probat
972 4024 1124 4104 exemplo
1151 4024 1289 4088 recentis
