2902 5004
733 407 869 458 ..4.-

323 603 437 689 ltaque
468 604 540 670 ieci.
575 602 680 668 'Nunc
711 617 821 668 autem
845 625 958 671 vereor
982 629 1022 671 ne
1046 607 1134 693 quis,
1171 609 1263 672 audi·

323 759 360 840 tis
384 759 482 822 libelli
503 758 575 822 fatis
595 755 795 842 inceptisque
817 758 912 833 meis,
937 760 1069 825 clamet:

784 909 786 912 ’
832 911 1001 995 amphora
1023 905 1133 1000 coepit
1215 919 1217 924 ’

414 1066 585 1142 institui3
609 1075 766 1126 currente
787 1075 867 1127 roto
890 1086 954 1129 cur
975 1088 1097 1130 urceus
1120 1071 1218 1134 coit?

323 1214 450 1281 Verum
463 1212 696 1298 qualiscunque
713 1221 761 1277 est
781 1213 833 1278 hio
851 1213 976 1279 libellus
996 1228 1028 1280 et
1046 1172 1265 1304 quodcunque

264 1439 267 1446 ,
326 1369 393 1452 ejus
418 1368 459 1431 ad
477 1365 676 1453 tragoediam
697 1366 921 1430 illustrandam
941 1383 1164 1454 momentum:
1184 1372 1264 1436 mihi

327 1483 413 1588 certe
442 1523 509 1606 ejus
543 1519 766 1586 conscribendi
795 1519 941 1584 laborem
957 1543 1170 1624 ¹magnopere
1189 1547 1266 1608 pro·

325 1676 420 1742 suna
452 1677 556 1739 fateor
589 1675 630 1738 ad
664 1669 859 1759 Aeschyleae
882 1673 958 1738 artis
978 1690 1193 1741 monumenta
1213 1699 1266 1742 eo-

324 1828 507 1917 gnoscenda
533 1839 631 1913 atque
667 1827 880 1904 aestimanda3
928 1823 1066 1912 ideoque
1102 1847 1155 1893 me
1190 1851 1268 1914 ope·

237 1997 239 2000 ’
327 1983 433 2049 rae'in
451 1983 580 2048 Patrem
603 1981 805 2068 tragicorum
828 1981 992 2063 impensae
1010 2003 1076 2045 non
1093 1983 1268 2066 poenitere,

328 2138 353 2201 si
384 2136 518 2220 quidem
549 2137 589 2199 ad
624 2132 765 2198 Graecae
788 2134 971 2220 tragoediae
994 2136 1195 2234 intellectum
1218 2161 1270 2203 re·

329 2298 486 2370 stumque
515 2286 555 2348 de
586 2305 623 2348 ea
650 2285 832 2368 judicium,
863 2286 888 2350 si
921 2308 1067 2373 unquam
1099 2290 1132 2362 id
1156 2303 1270 2375 potero

328 2437 412 2506 mihi
440 2436 636 2514 informare,
670 2435 725 2502 hic
754 2437 846 2501 labor
872 2439 953 2502 mihi
976 2439 1061 2505 viam
1084 2446 1271 2516 muniverit.

331 2589 417 2656 Huic
437 2588 551 2676 igitur
583 2588 732 2664 oonsilio,
767 2592 834 2675 quo
864 2592 1072 2675 scriptionem
1107 2619 1271 2684 aggressus
1367 2587 1369 2594 ¹

330 2765 424 2820 sum,
442 2763 526 2828 quae
542 2741 683 2825 jejunius
694 2741 804 2824 scripsi
819 2745 1054 2811 condonentur:
1072 2769 1155 2834 quae
1167 2773 1273 2834 quum

332 2915 400 2962 non
436 2895 533 2959 aliam
562 2893 605 2958 ob
618 2983 621 2990 Ι
635 2914 777 2958 caussam
807 2895 865 2960 nisi
889 2898 966 2983 legis
986 2853 1129 2986 gratiae
1152 2899 1274 2970 scriniis

318 3003 550 3133 ⁸protulerim,
583 3060 620 3112 ut
650 3046 809 3132 propitius
827 3063 860 3114 et
880 3049 1038 3138 benignus
1061 3053 1200 3140 accipias
1216 3081 1276 3142 per

337 3219 459 3264 nomen
483 3211 602 3285 quote
625 3204 796 3284 compello,
820 3205 920 3270 lector
943 3201 1193 3287 humanissime,
1217 3222 1281 3278 oro'

337 3364 371 3418 et
393 3351 522 3440 flagito!
