2902 5004
521 373 678 428 *21*-

127 575 330 661 Argumenta
352 591 435 657 quae
456 583 574 638 tractat
596 581 672 635 sunt
692 571 787 654 pitter
805 569 912 648 ἁπλοῖ,
924 593 1066 657 quorum

127 692 281 778 expositio
304 713 410 778 neque
433 692 535 756 varias
559 691 751 757 histrionum
776 703 881 775 partes
893 694 1067 773 desiderat,

126 837 231 900 neque
253 817 361 900 plures
382 815 480 878 simul
502 834 653 896 personas
671 813 800 888 diversis
817 815 964 878 moribus
977 837 1067 898 prae·

127 940 206 1004 ditas
242 937 415 1005 convenire
442 935 553 1020 jubet3
588 936 724 1022 ideoque
749 935 834 1000 actio
856 957 916 1000 neo
937 936 1065 1002 crebras

125 1058 225 1126 habet
267 1058 418 1144 colloquii
460 1057 684 1124 vicissitudines
729 1079 835 1144 neque
872 1058 1066 1123 commotio·

125 1204 175 1248 res
197 1193 287 1248 actus
319 1179 424 1262 puerit,
458 1181 512 1243 sed
535 1177 659 1242 mirum
682 1179 716 1241 in
737 1179 874 1244 modum
898 1201 975 1244 cum
999 1202 1068 1246 me·

124 1304 192 1366 licis
223 1301 420 1366 carminibus
452 1302 585 1364 confusa
623 1300 716 1384 ipsis,
740 1321 860 1388 magna
883 1323 943 1385 pro
967 1317 1069 1385 parte,

127 1423 287 1487 chorensis
311 1422 456 1486 mandari
489 1422 605 1505 potuit.
652 1421 813 1504 Exemplo
843 1435 919 1484 sunt
943 1421 1071 1488 Persae

126 1561 157 1611 et
180 1543 369 1633 Supplices.
402 1543 439 1607 lu
465 1557 601 1628 utraque
624 1543 734 1607 fabula
757 1542 878 1626 primas
901 1544 968 1630 agit
982 1541 1069 1609 Cho·

125 1689 196 1742 rus,
221 1667 277 1751 qui
310 1679 342 1730 et
368 1666 433 1748 ipse
458 1664 606 1748 precibus
629 1665 691 1729 suis
715 1662 914 1748 principium
938 1667 1070 1731 actionis

126 1789 301 1854 constituit.
349 1785 412 1852 Sed
436 1787 630 1852 Persarum
660 1787 713 1850 illa
737 1787 886 1851 actio-
919 1810 1001 1872 quae
1035 1789 1068 1850 in

123 1911 306 1974 evocatione
329 1909 418 1972 Darii
443 1909 545 1990 posita
568 1921 614 1971 est
636 1945 680 1957 --
704 1909 776 1970 licet
801 1909 897 1972 rebus
914 1909 1067 1990 inpriore

124 2030 236 2092 fabula
272 2029 349 2092 actis
383 2029 495 2090 effecta
538 2027 578 2090 sit
621 2041 652 2089 et
692 2047 769 2090 cum
800 2027 1069 2111 subsequentibus

124 2164 198 2232 apte
230 2151 417 2223 cohaereat,
454 2168 521 2211 nou
556 2161 665 2211 tamen
696 2169 754 2231 per
785 2161 938 2213 actorum
962 2167 1068 2233 partes

125 2272 165 2334 ad
190 2269 314 2333 exitum
340 2269 450 2344 venit,
472 2269 527 2332 sed
555 2267 653 2332 Chori
678 2269 820 2332 maxime
846 2291 944 2353 opera
975 2275 1068 2340 effici-

63 2427 67 2434 ·
126 2407 190 2456 tur.
238 2389 298 2454 Hic
332 2398 365 2454 et
396 2389 539 2473 pecode,
572 2412 637 2475 qua
670 2389 731 2452 iter
760 2389 929 2474 Persarum
953 2395 1068 2458 descri-

123 2513 171 2576 bit
205 2524 236 2576 ot
266 2512 516 2576 sollicitudinem
539 2532 631 2574 susm
668 2513 708 2574 de
743 2511 828 2575 exitu
862 2515 1010 2594 profert,
1036 2531 1067 2580 et

122 2635 325 2700 sermonibus
349 2655 428 2699 cum
452 2632 563 2697 Atussa
587 2631 748 2707 institutis,
773 2647 805 2696 et
828 2647 925 2698 cantu
948 2637 1059 2720 lyrico,

121 2777 188 2842 quo
200 2758 355 2820 dolorese
373 2755 469 2820 cladis
482 2755 599 2818 nuntio
616 2766 782 2837 perceptos
805 2756 879 2832 edit,
904 2757 1064 2822 actionem

121 2890 307 2962 praeparat;
332 2891 363 2941 et
379 2875 475 2940 tertio
496 2876 635 2960 denique
659 2876 815 2950 caratiae,
839 2897 905 2960 quo
928 2881 1065 2943 solemni
1085 2931 1087 2936 ,

122 3000 224 3061 modo
265 2999 339 3060 deos
357 2997 491 3058 inferos
529 3007 683 3078 precatur
717 3009 748 3058 et
778 3016 888 3080 regem
919 3004 1064 3082 compel-

81 3099 84 3106 ,
122 3120 191 3192 lat,
222 3118 305 3180 solus
340 3118 407 3178 sere
431 3116 610 3198 prodeundi
634 3117 821 3180 facultatem
847 3117 945 3183 Dario
968 3142 1066 3203 prac-

122 3238 200 3302 bere
224 3237 363 3302 videtur.

165 3355 372 3445 Supplicem
395 3377 462 3422 non
487 3357 670 3422 meliorest
693 3359 795 3422 ratio:
828 3377 1062 3446 argumentum

122 3480 196 3543 inde
219 3501 238 3543 a
260 3479 420 3563 principio
455 3481 568 3544 melius
603 3502 703 3566 quam
728 3479 762 3544 in
787 3480 890 3547 Persis
913 3488 1064 3571 perspici-

122 3615 196 3664 tur:
231 3602 407 3686 hospitium
425 3602 622 3667 Danaidibus
649 3604 831 3686 parandum
856 3607 944 3688 quasi
968 3613 1065 3674 cardo

122 3737 253 3800 nannet,
286 3723 370 3788 circa
394 3745 492 3808 quem
530 3725 638 3788 omnia
662 3737 853 3802 vertuntur3
890 3729 946 3790 sed
980 3730 1067 3812 ipsae

120 3844 276 3931 virgines,
303 3842 401 3908 Chori
427 3845 571 3928 partibus
595 3848 781 3933 fungentes,
807 3867 948 3911 caussam
973 3871 1065 3916 suam

119 3979 223 4051 agunt
246 3986 384 4050 eamque
408 3967 550 4048 repetitis
574 3965 773 4030 carminibus
796 3979 941 4035 tuentur.

165 4084 211 4151 Ne
246 4089 342 4170 plura
376 4087 512 4163 addam,
554 4108 637 4172 quae
668 4088 766 4154 fusius
801 4089 887 4153 infra
919 4098 1066 4180 persequi
