3016 5000
603 327 760 380 -65-

256 525 410 592 Tertium
428 525 567 610 denique
587 525 740 588 stasimon
758 524 858 589 Chori
881 528 1091 604 seutentiam,
1110 555 1149 596 ex

210 651 265 714 liis
285 649 415 714 historia
428 650 595 722 effectam,
612 650 651 710 de
669 646 801 710 vitando
822 646 984 731 inaequali
997 653 1149 738 conjugio

211 772 383 860 exprimit,
408 784 441 834 et
462 770 549 833 Jovis
572 767 776 850 potentiam,
800 788 883 851 quae
907 769 1005 856 effugi
1028 792 1148 855 neque·

208 907 257 969 at,
282 893 439 970 celebrat:
464 889 665 972 omninoque
688 901 757 951 tam
779 909 943 954 sermones
960 892 1028 974 ejus
1048 913 1147 974 quam

206 1013 330 1078 cantica
365 1011 523 1096 ejusmodi
556 1023 651 1086 sunt,
685 1031 769 1095 quae
802 1025 917 1094 sponte
950 1013 1146 1096 ampliorem

206 1134 332 1198 dicendi
356 1131 526 1196 materiem
550 1130 747 1196 Prometheo
769 1133 975 1216 suppeditent
991 1133 1050 1221 (t).

547 1370 819 1438 ORESTIA.
892 1407 896 1416 .

506 1615 534 1697 §.
559 1619 589 1677 5.
636 1615 857 1681 Aoiuuuror.

651 1799 652 1805 ἵ
746 1735 762 1776 e

248 1853 473 1932 Semurium,
497 1856 530 1918 in
562 1859 685 1920 excelsa
712 1853 842 1922 aedium
865 1858 1030 1944 regiarum
1055 1872 1146 1941 parte

206 1980 400 2050 collocatus,
435 1977 571 2041 assiduas
607 1978 756 2062 queritur
779 1977 919 2063 vigilias,
948 1981 1028 2043 dum
1052 1981 1146 2046 flam-

206 2119 338 2161 marum
360 2099 491 2184 signum
523 2112 706 2180 exspectare
739 2099 874 2198 debeat,
909 2102 1016 2184 quod,
1050 2101 1148 2185 Troja

206 2231 413 2306 expugnata,
449 2221 603 2283 daturum
636 2241 669 2284 se
692 2219 922 2305 Agamemnon
944 2223 1147 2304 promiserat.

205 2340 290 2404 Ecce
314 2360 401 2416 vero¹
425 2341 505 2403 dum
529 2341 688 2424 loquitur,
710 2353 836 2424 sperata
858 2344 911 2406 fax
933 2345 1148 2430 elonginquo

205 2460 402 2536 exardescit,
448 2462 537 2545 quod
584 2460 637 2525 ille
678 2461 786 2524 statim
820 2463 949 2550 reginae
996 2465 1147 2529 nuntiare

142 2651 146 2658 ,
204 2596 369 2666 properat.

249 2701 377 2767 intrant
408 2725 497 2768 sunus
530 2705 654 2768 Anurvr
688 2725 835 2783 romnus,
869 2707 946 2792 qui,
980 2705 1144 2793 Clytaem-

204 2839 346 2902 nestram
384 2847 500 2906 mane‚
544 2839 582 2902 ut
614 2826 697 2890 soliti
739 2839 851 2904 erant,
885 2827 1076 2901 salutaturi,
1111 2827 1145 2890 in

204 2947 327 3031 parodo
350 2946 506 3011 uirtutem
531 2947 723 3011 Atridarum
746 2949 920 3024 eelebrent,
944 2947 1063 3031 quibus
1085 2950 1145 3012 du·

204 3069 294 3134 cibus
307 3067 421 3132 Graeci
445 3068 593 3132 advorsus
616 3066 751 3150 Trojam
775 3066 911 3149 profecti
932 3067 1007 3133 sint.
1035 3064 1145 3151 Quam

205 3189 465 3273 expeditionem,
498 3187 646 3271 quamvis
677 3187 789 3252 multis
807 3188 879 3271 jam
901 3186 992 3252 sociis
1015 3191 1146 3253 calami-

204 3323 274 3374 tosa
296 3309 395 3374 fuerit
429 3311 561 3393 ejusque
596 3311 698 3373 exitus
728 3309 762 3372 in
794 3311 913 3378 multos
948 3330 1047 3375 annos
1071 3333 1147 3394 pro·

203 3446 361 3518 rogetur,
405 3451 471 3494 non
506 3443 616 3494 tamen
658 3430 786 3495 irritam
822 3433 892 3494 sore
926 3431 1145 3509 arbitrantur,

205 3574 310 3637 quum
323 3566 355 3616 et
367 3548 445 3617 Jove
468 3565 600 3616 auctore
622 3565 769 3636 suscepta
791 3552 831 3616 sit
853 3574 959 3637 neque
971 3552 1057 3619 Paris
1081 3555 1147 3620 vio·

204 3794 260 3845 553
280 3788 367 3860 equ),
396 3794 507 3858 nuptias
535 3793 691 3846 Promethei
720 3809 781 3846 cum
810 3770 956 3846 Hermione
979 3793 1063 3846 tuisse
1081 3806 1147 3845 oon·

203 3894 315 3943 tractae.
352 3891 429 3960 Ceut.¹
446 3891 599 3943 Schneider
617 3893 685 3945 lutr.
704 3893 748 3944 ed.
766 3905 832 3943 suae
850 3907 878 3956 p.
895 3891 1003 3945 XXXVI
1021 3905 1061 3955 sq.

243 3981 288 4052 (1)
306 3989 346 4041 De
364 3989 583 4054 personischorl
602 3994 672 4053 quot
689 3991 836 4054 qualesque
854 3988 957 4042 tuerint
975 3989 1055 4040 sonu.
1074 3987 1148 4039 eiro-

204 4100 266 4140 rum
286 4087 431 4140 doctorum
453 4085 603 4149 opiniones
621 4099 690 4148 quas
709 4086 804 4139 attulit
822 4085 941 4140 Linduer
961 4085 1005 4138 tt
1025 4099 1053 4150 p.
1069 4084 1132 4138 10⁷.

1024 4189 1038 4240 5
