2902 5004
317 463 322 470 .
435 463 481 470 ..
533 377 721 456 ,Vk-31—

177 586 310 664 itineris3
346 565 436 668 cujus
471 583 588 657 socios,
611 582 669 668 qui
701 581 843 647 enavali
867 581 988 664 proelio
1011 580 1114 646 vitam

176 720 365 782 servassent,
390 704 543 789 proximo
564 724 649 768 anno
670 689 819 768 'terrestri
843 715 954 789 pugna
972 715 1114 770 mortem
1172 751 1175 756 -

175 829 380 901 inventuros,
415 847 476 890 nec
506 823 566 888 nisi
589 844 706 908 paucos
737 823 771 888 in
794 824 934 908 patriam
957 823 1117 889 redituros

115 981 118 986 ·
173 969 237 1013 esse
260 947 465 1013 vaticinatur.
510 946 633 1010 Deinde
664 967 752 1012 senes
774 959 909 1024 monet,
932 960 969 1010 ut
992 948 1116 1030 sapien·

173 1070 259 1134 tibus
293 1068 430 1134 consiliis
460 1069 519 1132 filii
549 1068 698 1132 animum
711 1065 748 1133 ¹'a
778 1069 931 1153 superbia
952 1081 1115 1146 avertant;

174 1193 322 1258 Atossam
346 1211 423 1255 vero
445 1202 502 1267 ut,
524 1191 651 1256 decenti
676 1191 795 1255 amictu
820 1212 860 1254 ex
882 1190 1014 1254 aedibus
1034 1210 1116 1273 pro-

174 1316 258 1390 lato,
293 1311 392 1376 Xerxi
426 1309 557 1377 obviam
582 1325 644 1377 eat.
690 1309 746 1376 His
778 1311 870 1376 dictis
891 1312 925 1374 in
945 1314 1115 1382 tumulum

174 1434 259 1498 redit
291 1434 349 1522 (νε.
374 1429 547 1519 773·828).
592 1432 704 1497 Atussa
732 1454 863 1518 quoque
894 1433 1014 1498 marito
1043 1453 1136 1497 ruo-1

175 1557 249 1619 nitis
269 1555 460 1619 obsecutura
485 1543 690 1642 digreditur,
714 1555 787 1620 solis
809 1553 944 1619 senibus·
967 1555 1001 1618 in
1022 1576 1116 1620 scena

173 1673 309 1750 relictis,
344 1673 401 1757 qui
437 1693 522 1738 novo
556 1671 701 1737 carmine
737 1669 796 1760 (vs.
821 1669 989 1758 838-872)
1025 1671 1115 1736 D'arii

171 1795 262 1880 regni
285 1810 413 1881 gratam
438 1794 646 1858 memoriam*
665 1796 899 1871 recordantur,
922 1807 992 1860 tam
1014 1795 1115 1859 victo-

170 1915 253 1992 rias,
298 1937 377 1999 quas
410 1927 623 1997 reportasset,
658 1935 759 1998 quarn
789 1916 1015 1992 severitatem,
1049 1937 1115 2000 qua

173 2027 292 2098 milites
318 2034 542 2105 continuisset,
565 2035 724 2098 laudibus·
738 2039 943 2101 extollentes:

217 2154 379 2236 ἀκάματον
398 2149 447 2218 ’δὲ
475 2160 578 2239 παρῆν
604 2153 717 2228 σθένω,1
740 2154 866 2238 ἀνδρῶν
891 2161 1114 2242 τευχηστήρων,

217 2277 401 2358 παμμίκτων
424 2277 638 2360 τ’ἓπικοόρων.
669 2272 729 2362 (vs.
754 2272 844 2361 869.)

171 2394 244 2480 Qua
268 2397 401 2478 pri'stina
424 2396 574 2462 felicitate
605 2396 810 2479 praedicata,
834 2396 914 2460 nihil
940 2400 1029 2482 quod
1052 2399 1113 2463 ad·

168 2515 247 2577 dant
273 2513 437 2598 reliquum
473 2527 520 2579 est
555 2529 683 2599 praeter
713 2518 790 2594 hos,
826 2514 951 2601 quibus¹
978 2539 1111 2583 carmen

166 2637 300 2712 finitur,
325 2658 451 2702 versus:

209 2759 268 2821 νῦν
299 2755 385 2821 δὀὐκ
418 2751 595 2839 ἀμφιλόγως
619 2757 801 2838 deducentur
823 2727 894 2820 τὰδ’
914 2749 956 2819 αὖ
978 2753 1111 2838 φέρομεν

889 2873 1066 2956 πολέμοισι,

209 2990 384 3080 δμαθέντις
406 2989 544 3072 μεγάλως
561 2989 712 3070 πλαγαῖσι
724 2993 914 3058 ποντίαισιν.
942 2993 999 3081 (vs.
1015 2991 1107 3076 871.)

210 3107 337 3176 Ultimo
370 3111 441 3174 loco
481 3115 602 3176 xnsxus
635 3109 669 3172 in
703 3132 834 3176 scenam
868 3114 1018 3196 prodiens
1050 3135 1108 3178 sua

165 3209 386 3312 exercitusque
417 3229 608 3295 infortunia·
629 3251 704 3297 cum
735 3229 845 3296 Chore
869 3233 1107 3312 communicat,

164 3344 272 3408 mutui
295 3344 471 3409 amborum
494 3345 621 3427 κομμοί,
637 3346 969 3434 quihussingulorunt
980 3352 1106 3414 ducum

163 3465 228 3528 fata
246 3453 436 3547 deplorant,
460 3464 661 3551 tragoediam
686 3466 805 3532 finiunt
831 3466 891 3557 (vs.
906 3470 1106 3560 873-1033).
1184 3545 1187 3552 Δ

545 3679 738 3690 ——u--n

206 3857 255 3922 Ex
278 3858 368 3924 brevi
390 3861 452 3926 hac
475 3861 621 3945 partium
644 3861 857 3946 descriptione
879 3863 969 3939 satis,
992 3865 1104 3938 credo,
1218 3939 1220 3944 ¹

160 3975 362 4070 intelligitur,
396 3967 510 4068 lyricae
538 3994 570 4046 et
605 3981 709 4066 apicus
731 3983 827 4070 hujus
851 3981 979 4048 subulae
1000 3998 1106 4068 partes

166 4121 297 4183 prorsus
319 4102 479 4170 coaluisse.
512 4101 575 4170 Sed
599 4104 672 4170 licet
695 4099 822 4170 actioin
843 4115 967 4170 eatam
991 4106 1104 4193 exigua
1144 4149 1146 4152 -
