3016 5000
571 295 728 355 ..79-

182 502 258 564 dree
282 497 482 580 episodium‚
506 515 573 579 quo
596 505 815 576 spectatores,
838 491 1016 574 suspicione
1037 495 1125 557 solli.

182 619 270 685 citati
304 618 460 702 chorique
490 613 656 690 sententiis
691 613 897 696 perturbati,
921 614 1124 698 aliquamdiu

184 755 274 806 metu
304 739 448 823 suspensi
484 749 658 811 tenentur,
694 749 726 801 et
758 734 800 797 ob
830 733 971 798 insolitos
993 735 1126 821 virginis

183 883 289 928 mores
322 858 485 948 principio
517 856 600 942 regis
634 866 756 919 sortem
780 857 849 920 fere
872 855 1127 932 obliviscuntur,

183 983 355 1066 postmodo
386 992 518 1053 tamen,
554 975 669 1040 auditis
706 973 900 1041 Cassandrae
935 977 1126 1064 praesagiis,

90 1141 93 1150 ‚
183 1127 256 1170 eam
275 1097 498 1167 vehementius
519 1097 708 1180 suspiciunt,
721 1099 802 1162 dum
817 1099 900 1164 falsis
914 1099 1014 1163 etiam
1029 1071 1128 1164 Chori

183 1227 224 1290 de
249 1221 426 1288 Cassandra
449 1217 655 1308 opinionibus
678 1230 847 1304 anguntur
861 1215 922 1306 (l).

229 1342 391 1408 Hactenus
413 1341 453 1406 de
482 1339 628 1404 cantibus
652 1339 794 1420 melicis3
830 1342 1035 1406 attendamus
1057 1343 1126 1428 jam

187 1467 228 1530 ed
263 1461 391 1552 agendi
421 1474 548 1545 partes,
582 1481 666 1545 quae
701 1481 778 1524 cum
817 1461 852 1523 in
884 1461 1013 1544 prima,
1053 1475 1127 1526 tum

187 1585 330 1650 maxime
352 1583 384 1644 in
407 1593 571 1664 postrema
594 1580 723 1658 fabule,
746 1579 804 1643 uhi
823 1583 990 1664 perpetuis
1014 1582 1131 1648 carmi-

186 1705 281 1770 nibus
314 1707 402 1768 locus
433 1723 499 1768 non
535 1716 621 1777 erat,
657 1699 768 1766 Chore
790 1701 993 1794 tribuuntur.
1039 1701 1132 1788 Quae

186 1827 266 1888 item
290 1801 377 1888 haud
400 1823 535 1910 exiguae
565 1833 652 1888 sunt.
697 1821 799 1898 Vide,
835 1837 957 1908 quanta
983 1823 1133 1890 libertate

186 1965 276 2010 nunc
298 1943 584 2030 Agamemnonem
607 1956 761 2008 orantem
785 1944 1024 2026 reprehendat,
1042 1965 1132 2008 nunc

187 2066 358 2130 consilium
380 2066 420 2130 de
444 2085 506 2147 ope
528 2063 648 2129 efflicte
671 2065 804 2128 ferenda
825 2064 924 2142 ineat,
947 2087 1036 2129 nunc
1059 2087 1133 2149 par·

187 2187 323 2251 ricidam
358 2185 454 2250 minis
489 2187 656 2262 cumulet,
693 2197 725 2250 et
756 2185 877 2250 furenti
901 2184 1054 2272 Aegistho
1077 2189 1133 2252 ad·
1182 2215 1186 2224 ¹

188 2322 345 2373 versetur.
402 2303 500 2391 Quod
544 2307 678 2390 quidem
721 2326 863 2382 munus,
910 2306 1133 2394 tritagonistae

188 2428 293 2510 aptius
336 2425 574 2504 tribuendum,
616 2417 810 2513 Bernhardy
850 2428 913 2492 hac
946 2428 1132 2495 definitione

189 2549 346 2561 ...ἐ

187 2604 439 2668 Chrysothemidis,
460 2605 687 2667 Clytaemnestrae
706 2619 862 2669 sermones,
881 2619 987 2659 somma
1006 2609 1068 2660 eum
1087 2621 1132 2660 re·

191 2707 317 2765 nustate,
338 2701 497 2754 variantur:
525 2701 630 2754 Chorus
649 2702 739 2754 rarius
758 2702 952 2766 brevioresque
971 2709 1067 2756 cantus
1087 2705 1132 2756 in·

190 2799 320 2864 turstatt,
340 2802 367 2850 rt
385 2799 546 2862 plerumque
564 2811 688 2850 sennense
717 2797 782 2849 tacit
802 2800 843 2849 ret
861 2777 979 2850 aliorum
999 2803 1133 2853 sermoni-

190 2899 241 2948 bus
255 2895 469 2958 interloquitur:
488 2907 560 2958 quas
578 2897 669 2946 autern
689 2895 723 2946 de
737 2896 828 2946 tuturo
844 2895 1055 2957 Agamemnonis
1073 2900 1134 2951 rin·

189 2991 274 3052 dicta.
295 2991 391 3055 paucis
410 2989 521 3053 quidem
541 2989 620 3051 locis,
642 2996 793 3053 auguratur
811 2983 924 3052 (mibi
936 3007 993 3058 sqq.
1002 2997 1045 3048 ed.
1055 2995 1133 3049 uoto.

189 3101 227 3142 rs.
245 3089 300 3140 162
320 3101 378 3152 sqq.
395 3103 431 3139 rs.
451 3088 607 3140 stu-tre.
628 3103 663 3139 rs.
685 3087 736 3139 ret
757 3083 828 3153 sqq.)
835 3124 845 3151 ,
865 3103 897 3140 ea
917 3096 966 3143 aut
986 3091 1131 3146 obscurius

189 3187 332 3246 enuntiat,
352 3189 402 3236 aut
420 3185 487 3234 nuo
507 3197 536 3234 se
556 3183 728 3246 pertimuisse
746 3189 843 3248 postea
862 3184 923 3250 ipse
941 3188 1088 3252 signifieat.

227 3273 270 3344 (1)
290 3280 410 3335 Westritr
431 3279 461 3332 in
478 3281 581 3343 disput.
600 3283 633 3330 de
642 3281 767 3345 Aeschyli
776 3283 897 3346 cboepb.
916 3290 967 3336 etc.
988 3300 1015 3349 p.
1024 3287 1060 3338 89
1075 3301 1134 3351 sp:

191 3379 292 3430 aScena
325 3379 373 3429 iile
393 3377 560 3429 Cassandrae
580 3378 708 3430 eteberi
728 3379 788 3430 sine
807 3379 893 3432 dubio
912 3380 987 3432 inter
1007 3384 1134 3448 pulcher·

190 3475 278 3526 crima
297 3474 420 3538 Aeschyli
441 3474 500 3524 loca
523 3475 618 3525 reterri
638 3476 727 3526 debet.
765 3477 854 3542 Quum
882 3491 915 3529 eo
936 3493 1021 3543 usque
1039 3482 1133 3534 omnia

190 3577 364 3636 «comparata
385 3572 441 3622 sint
460 3575 495 3622 ad
516 3573 743 3634 Agamemnonem
764 3574 948 3638 efferendum,
968 3591 1022 3630 non
1039 3580 1132 3630 strum

190 3669 243 3719 aad
262 3669 319 3730 ejus
337 3672 447 3718 caedem
468 3671 551 3730 poeta
570 3668 765 3734 progreditur3
785 3669 833 3720 sed
851 3674 1029 3735 suspenditur
1048 3675 1133 3726 acuo.

190 3764 294 3816 ebosus
322 3765 387 3827 itte,
416 3776 473 3828 quo
493 3763 619 3814 anxietas
637 3767 666 3815 et
685 3770 771 3816 metus
788 3766 966 3832 excitentur,
986 3770 1132 3824 etsensim

190 3863 360 3924 «augentur,
381 3859 539 3924 conparari
559 3864 649 3923 potest
668 3875 730 3912 eum
749 3862 806 3914 alto
824 3863 937 3917 silentio
956 3865 1028 3932 isto,
1056 3869 1132 3930 quod

190 3971 320 4021 «magnas
352 3956 423 4010 coeti
455 3956 696 4020 perturbationes,
732 3958 857 4014 tonitrua
890 3961 1085 4027 tetrumque,-
1104 3969 1134 4017 et

190 4060 297 4108 «terrae
318 4059 406 4108 motus
425 4051 591 4118 praecedere
609 4054 703 4106 solet.»
724 4077 759 4092 -··
784 4055 870 4110 Audis
889 4055 1087 4112 berbicensen.
