3016 5000
761 340 919 398 ..74-

367 551 482 604 nenter
515 538 620 601 minas
643 549 675 600 et
698 537 818 621 probra
845 541 1021 622 jactantem
1056 541 1210 619 dimittit,
1246 544 1306 610 Ae·

366 662 510 748 gisthum
533 681 642 724 secum
667 659 799 724 introire
818 661 922 743 jubet.

753 879 925 890 ..—

410 1021 506 1088 Senes
527 1022 639 1108 Argivi
664 1023 786 1087 nobiles
808 1061 845 1072 -
871 1023 1002 1112 πρέσβος
1027 1025 1185 1106 Ἀργείων
1207 1063 1247 1076 -
1268 1039 1306 1091 ut

364 1145 397 1208 in
423 1143 548 1208 Persis
570 1165 658 1208 senes
681 1143 806 1219 Persici,
831 1165 1003 1227 personam
1028 1141 1126 1208 Chori
1147 1147 1306 1211 sustinen-

364 1279 429 1341 tes,
453 1265 689 1352 protagonistae
711 1277 787 1329 sunt
808 1265 984 1350 subjuncti.
1029 1266 1168 1332 Ferebat
1193 1282 1303 1333 autem

363 1387 461 1451 etiam
497 1389 593 1472 hujus
616 1388 744 1452 fabulae
768 1397 886 1452 natura
909 1402 945 1452 ut
967 1407 1059 1451 sertae
1083 1390 1303 1474 eligerentur,
1396 1395 1407 1410 ”

362 1509 484 1592 quippe
507 1509 563 1593 qui
587 1544 626 1554 -
656 1511 745 1594 quod
769 1508 828 1592 ipsi
853 1509 887 1571 in
910 1511 1035 1590 parodo
1057 1509 1241 1594 significant
1259 1547 1304 1560 -

361 1630 403 1693 ob
437 1630 547 1693 aetatis
577 1643 608 1693 et
633 1630 693 1692 loci
718 1630 876 1692 rationem
901 1650 958 1705 ea,
992 1649 1076 1712 quae
1109 1632 1149 1692 ad
1173 1631 1304 1712 expedi·

361 1750 483 1814 tionem
508 1749 729 1833 pertinerent,
764 1750 888 1832 optime
921 1761 1047 1814 nossent
1073 1749 1135 1835 (1).
1187 1750 1303 1836 Itaque

361 1872 471 1936 omnia
494 1893 577 1955 quae
600 1871 680 1934 olim
709 1871 903 1944 accidissent,
928 1869 1068 1934 Helenae
1085 1873 1163 1956 suga
1186 1885 1218 1934 et
1240 1872 1302 1935 iter

361 1995 395 2056 in
417 1992 571 2077 Trojam,
601 1989 784 2056 Calchantis
819 1990 986 2070 vaticinia,
1018 1989 1205 2076 iphigeniae
1231 2012 1302 2055 cae·

360 2118 433 2196 des,
466 2123 662 2201 argumenta
692 2126 776 2186 suut,
798 2113 976 2198 lyricorum
1008 2124 1189 2188 cantuum,
1218 2133 1302 2196 quae

358 2260 435 2303 cum
462 2239 527 2320 ipsa
550 2236 675 2299 actione
698 2235 874 2298 arctissime
886 2232 1101 2308 cohaerentia,
1124 2232 1302 2317 Aeschyleo

358 2378 472 2432 more,
509 2359 618 2440 ample
640 2353 833 2438 copioseque
856 2355 1005 2437 disposita
1027 2365 1117 2419 sunt.
1162 2351 1301 2438 Majorea

357 2479 445 2543 eninr
463 2491 539 2542 sunt
557 2473 777 2565 Argivorum
797 2495 925 2552 senum,
950 2496 1052 2561 quam
1076 2475 1301 2543 Persicorum

358 2598 493 2664 canendi
515 2598 616 2676 vices;
653 2617 856 2682 quamquam
892 2600 989 2683 longe
1012 2599 1122 2661 minor
1144 2599 1178 2660 in
1201 2597 1302 2662 Persis

357 2721 450 2796 actio,
461 2717 570 2784 minor
582 2719 661 2783 item
671 2719 838 2805 agentium
847 2739 1058 2802 personarum
1071 2741 1228 2782 numerus
1241 2734 1299 2785 est.

356 2841 447 2928 Quae
470 2863 541 2917 res,
561 2845 673 2924 poe'tae
692 2841 778 2904 laudi
793 2839 1010 2923 potiusquam
1027 2839 1106 2903 vitio
1120 2842 1237 2916 danda,
1261 2863 1302 2905 cx

356 2967 424 3050 ipsa
448 2964 602 3028 dramatis
632 2976 750 3025 natura
775 2961 877 3044 repeti
909 2961 1024 3037 debet,
1048 2962 1139 3045 cujus
1171 2962 1302 3048 egregia

355 3086 500 3169 partium
534 3082 695 3167 dispositio
730 3102 929 3168 magnopere
952 3105 971 3147 a
994 3097 1178 3147 ceterarum
1205 3083 1300 3147 fabu-

356 3211 463 3270 larum
487 3205 691 3288 simplicitate
709 3204 841 3268 recedit.
888 3201 934 3270 Ut
958 3203 1045 3267 enirn
1071 3203 1105 3267 in
1121 3203 1244 3270 Persis
1268 3219 1302 3268 et

356 3327 559 3392 Prometheo
592 3328 706 3390 vincto
740 3327 847 3389 nullae
881 3336 958 3388 sum
992 3325 1187 3408 peripetiae,
1212 3327 1303 3390 nulla

355 3449 414 3514 sibi
436 3446 651 3533 repugnantia
674 3445 918 3522 consociantur,
948 3446 1004 3510 sed
1028 3467 1079 3510 rea
1102 3449 1213 3530 plana,
1248 3470 1301 3513 ar·

355 3581 552 3658 gumentum
575 3567 737 3652 simplex,
766 3565 850 3630 actio
876 3587 978 3650 paene
999 3569 1109 3632 nulla:
1133 3567 1177 3632 ita
1202 3566 1301 3658 Agu-

356 3691 545 3757 memraom’r
574 3689 684 3754 fabula
714 3687 878 3775 ingeniose
911 3701 957 3752 est
982 3691 1180 3773 composita,
1216 3696 1301 3759 actio

357 3813 520 3888 maxima,
546 3813 696 3875 fortunae
717 3809 885 3878 conversio
907 3811 1076 3876 mirabilis.

357 3936 515 3946 ...ι-...-

394 3983 437 4052 (1)
457 3991 531 4042 cont
553 3990 739 4052 Uylenbroelr,
760 3989 830 4054 disp.
851 4005 876 4054 p.
897 3989 950 4054 28,
970 3982 1031 4051 (ubl
1053 3989 1197 4057 Poluscam
1215 3993 1300 4045 sacri·

358 4087 448 4140 ficium
471 4083 603 4152 irrepsit).
