3016 5000
764 334 921 390 ...48-

371 519 470 606 nent,
494 551 560 615 quo
587 531 707 594 eivihus
731 534 901 612 fiduciam,
938 547 1096 601 terrorem
1127 511 1311 604 adversariis

371 651 547 726 incutiant,
575 653 697 736 diisque
723 675 838 718 vovere
870 657 988 722 hostias
1012 672 1043 721 et
1070 671 1216 742 tropaea,
1242 661 1313 744 'opi-

372 774 432 837 mis
455 775 560 857 spoliis
583 775 739 838 instructa
768 777 825 864 (rs.
854 776 1023 863 tat-268),

414 895 469 960 His
492 909 603 959 tamen
627 897 785 962 mandatis
804 899 960 984 uirgines,
988 903 1134 984 quamvis
1158 903 1310 986 cupiant,

370 1017 518 1104 graviore
565 1039 642 1080 eura
685 1019 897 1096 sollicitatae,
941 1021 1076 1106 obsequi
1120 1035 1310 1108 nequeunt:

369 1159 473 1221 quum
506 1139 575 1220 jam
602 1139 781 1204 irruentem
814 1142 956 1206 hostium
994 1144 1127 1208 turbam
1151 1146 1310 1212 intuentes

369 1261 480 1322 eadem
519 1280 551 1322 sa
585 1259 659 1324 urhi
699 1275 846 1326 metuere
884 1263 1010 1338 dicant,
1050 1287 1133 1349 quae
1169 1265 1336 1332 instante

292 1461 296 1469 Ι
368 1382 506 1444 dracone
529 1379 626 1463 pullis
658 1383 809 1446 columba
841 1385 1043 1450 reformidet.
1091 1383 1152 1450 Sed
1176 1387 1308 1452 sublatis

368 1501 516 1583 precibus
538 1505 611 1566 deos
644 1525 700 1584 per
734 1503 922 1566 Thebarum
956 1508 1189 1572 amoenitatem
1213 1509 1307 1574 obte-

274 1667 277 1674 »
367 1637 514 1697 alantur,
552 1637 588 1686 ut
623 1625 785 1686 declinent
815 1622 959 1690 hostium
983 1625 1051 1688 vim
1086 1641 1119 1690 et
1154 1629 1307 1713 antiquae

365 1744 438 1806 urbi
460 1745 664 1828 prospiciant
712 1744 824 1830 Cujus,
846 1745 871 1808 si
895 1761 1147 1832 expugnaretur,
1168 1749 1326 1814 tristiam·-

365 1887 457 1928 mam
491 1878 612 1930 sortem
647 1880 907 1950 armatorumque
943 1868 1062 1932 civium
1086 1851 1304 1934 calamitatem
1327 1835 1334 1905 .‘

320 2041 322 2046 ,
366 1989 576 2075 depingunt„
1126 2066 1127 2072 ἵ

409 2110 493 2174 Η111
526 2113 634 2175 oeulos
666 2123 861 2176 conver-tunt
895 2110 928 2174 in
961 2131 1113 2188 scenam,
1147 2112 1180 2174 111
1205 2133 1305 2196 quam

367 2231 505 2296 Nuntius
527 2245 558 2294 et
579 2232 725 2294 Eteocles
745 2233 813 2314 jam
835 2232 1003 2295 redierunt
1016 2229 1073 2319 (vs.
1089 2230 1261 2317 ree-356).

408 2353 447 2416 In
469 2365 624 2434 sequente
649 2363 734 2425 actu,
757 2351 791 2434 11
810 2371 876 2434 quo
895 2349 1034 2414 Nuntius
1045 2365 1170 2433 septem
1182 2354 1305 2414 ducum

362 2473 496 2536 nomina
517 2474 616 2535 refert
641 2485 674 2535 et
692 2463 805 2536 mores
819 2470 995 2554 exprimit,
1020 2461 1165 2534 Eteocles
1191 2483 1304 2534 contra

361 2591 493 2676 singulis
515 2610 630 2654 eorum
652 2589 794 2675 singulos
816 2591 856 2652 de
876 2588 939 2652 suis
952 2569 1144 2652 adversarios
1156 2587 1305 2664 destinat,

362 2707 474 2799 Tydeo
499 2710 749 2794 Melanippum,
774 2708 926 2792 Capaneo
946 2708 1187 2795 Polyphontem
1207 2721 1239 2773 et
1259 2709 1305 2772 sie

362 2855 460 2922 porro
481 2833 635 2918 reliquos,
666 2806 791 2900 Chorus
816 2830 991 2894 identidem
1010 2832 1179 2913 stropham
1204 2831 1303 2895 inter·

358 2951 461 3035 sinit,
482 2977 547 3040 qua
569 2954 632 3018 suis
657 2952 751 3028 bene,
774 2951 920 3017 hostibus
943 2955 1030 3016 male
1051 2955 1203 3017 futurum
1226 2974 1303 3036 pre·

346 3090 455 3140 eatur
480 3079 537 3162 (vs.
558 3076 645 3152 399,
670 3051 859 3150 434‚'463,
882 3075 969 3152 503,
994 3075 1079 3152 545,
1105 3075 1169 3164 608
1194 3071 1300 3162 11111),

359 3198 476 3284 donee¹
494 3195 603 3266 audito
635 3193 772 3258 Eteoelis
805 3193 953 3267 consilio,
984 3195 1065 3260 velle
1091 3205 1124 3256 se
1144 3191 1238 3256 fratri
1266 3191 1301 3255 in

360 3336 508 3401 pugnam
529 3314 661 3378 obviam
685 3314 731 3380 ire
740 3321 751 3391 ’,
778 3313 809 3377 id
831 3327 989 3399 tanquam
1015 3313 1226 3377 temerarium
1250 3335 1300 3378 re·

359 3437 532 3521 prehendit
550 3450 583 3499 et
600 3447 693 3499 caute
705 3435 864 3499 dissuadet
878 3435 936 3522 (vs.
950 3431 1125 3520 659-701).
1148 3433 1299 3498 Frustra:

360 3557 474 3642 spretis
500 3551 675 3642 virginum
699 3553 848 3640 precibus
887 3553 1082 3638 monitisque
1114 3554 1182 3618 abit
1204 3555 1300 3618 Eteo-

361 3683 443 3756 cles,
476 3679 567 3764 cujus
599 3677 800 3761 proiectione
837 3673 962 3738 deserta
994 3674 1108 3750 soona,
1139 3675 1303 3762 singulare

291 3881 294 3890 ι
361 3804 502 3872 fratrum
520 3797 682 3882 proelium
704 3798 776 3862 novi
798 3797 913 3860 cantici
932 3797 1101 3868 materiem
1121 3798 1301 3884 virginibus

363 3923 504 4005 praebet.
988 3919 991 3928 λ

331 4045 333 4052 ’
402 4042 548 4107 'horrent
571 4043 673 4116 diras,
700 4063 778 4125 quas
802 4056 894 4125 pater
913 4042 990 4106 olim
1012 4041 1085 4105 liliis
1105 4043 1300 4124 imprecatus
