2902 5004
746 409 904 466 ..12-

351 610 478 685 dicare,
507 610 541 672 in
575 621 665 673 tanta
689 610 857 693 utriusque
880 629 1019 692 operum
1043 609 1133 686 labe,
1158 609 1298 675 minime

351 751 531 814 possumus.
560 729 685 796 Verum
710 731 867 794 tamensi
891 729 1060 794 Persarum
1085 729 1231 794 fabulam
1255 735 1296 796 ad

351 855 539 936 exemplum
553 849 802 916 Phoenissarum
815 850 990 940 Phrynichi
1004 851 1216 934 compositam
1230 867 1296 916 esse

349 975 518 1049 novimus,
538 973 625 1039 idem
643 973 676 1036 in
697 967 933 1056 antiquioribus
946 972 1062 1036 fabulis
1085 995 1162 1037 eum
1184 973 1295 1037 fecisse

348 1092 417 1158 veri
452 1094 557 1158 simile
591 1107 647 1158 est.
694 1093 808 1178 Itaque
842 1093 1002 1176 principio
1024 1095 1197 1179 antiquum
1221 1115 1293 1171 mo-

347 1236 419 1278 rem
450 1236 587 1280 servasse
615 1227 649 1278 et
669 1214 793 1278 fabulas
816 1214 995 1300 lyricorum
1018 1216 1167 1280 ubertate
1190 1215 1293 1280 dialo-

348 1357 429 1421 gum
455 1351 641 1419 superantes
663 1337 805 1400 docuisse
828 1337 1088 1416 credendus-est;
1120 1337 1219 1401 simul
1242 1341 1291 1401 ta'·

347 1478 425 1520 men
466 1457 595 1558 aliuqde
634 1457 761 1541 optima
799 1477 947 1541 quaeque
980 1457 1152 1540 recepisse,
1188 1479 1290 1542 eaque

347 1578 545 1660 pedetentim
570 1591 720 1653 mutasse,
749 1577 952 1653 emendasse,
976 1579 1205 1661 amplificasse,
1228 1582 1287 1644 do·

346 1721 407 1763 nec
442 1701 482 1764 ad
516 1721 587 1763 eam
618 1696 866 1782 compositionis
899 1699 1043 1762 formam
1078 1701 1287 1782 processerit,

347 1803 429 1906 quae
452 1821 486 1885 in
509 1820 608 1885 Persis
632 1819 841 1902 conspicitur.
872 1816 956 1882 Nam
979 1819 1055 1884 artis
1078 1819 1133 1884 illa
1149 1823 1291 1908 Aeschy-

344 1945 411 2006 leae
429 1943 625 2030 'progressio
658 1943 693 2004 in
726 1941 761 2004 iis
792 1962 944 2026 quoque,
988 1962 1072 2026 quae
1105 1917 1289 2026 superstites

226 2049 233 2058 ’
343 2077 439 2142 sunt,
463 2064 597 2140 fabulis,
621 2065 763 2151 singulas
786 2063 934 2144 deinceps
958 2063 1151 2145 ponderanti
1173 2077 1289 2147 sponte

343 2186 530 2270 apparebit;
572 2186 781 2269 maximeque
815 2186 856 2248 de
887 2179 1133 2269 antiquissimis,
1176 2183 1287 2250 Persas

343 2319 423 2388 puta
454 2319 486 2369 et
520 2305 705 2389 Supplices,
737 2279 817 2368 haec
839 2301 1012 2390 biographi
1037 2306 1136 2370 verba
1158 2309 1285 2371 valent:

344 2430 382 2492 αἳ
402 2452 435 2492 τε
462 2426 619 2502 διαθέσεις
641 2429 705 2493 τῶν
732 2425 896 2510 δραμάτων
919 2427 955 2491 οὐ
978 2423 1097 2501 πολλὰς
1119 2428 1205 2508 αὐτῷ
1229 2454 1285 2495 πε·

343 2553 500 2636 ριπετείᾱς
524 2552 577 2613 καὶ
600 2545 717 2622 πλοκὰς
740 2547 883 2634 ἔχουσιν,
909 2549 951 2622 ὥς
975 2551 1062 2634 παρὰ
1084 2557 1149 2625 τοῖς
1174 2551 1283 2617 νεωτέ-

343 2698 408 2759 ροις
422 2671 482 2762 (l)

279 2859 282 2866 ,
384 2791 415 2859 A
429 2795 601 2859 Persarum
613 2791 712 2877 igitur
724 2789 835 2853 fabula
846 2789 1013 2872 incipiens,
1027 2803 1135 2856 nostra
1146 2789 1286 2879 Aeschy-

339 2918 408 2981 leae
429 2913 613 3002 tragoediae
644 2911 758 2976 notitia
790 2911 930 2995 pertinet
964 2915 1004 2976 ad
1027 2913 1178 2978 ultimam
1202 2913 1285 2980 Ore-

339 3037 415 3101 stiae
438 3035 621 3122 trilogiam,
642 3031 784 3117 spatium
807 3031 886 3099 XIV
914 3054 1077 3098 annorum
1100 3015 1283 3120 complexa.

340 3156 438 3243 Quod
471 3171 600 3242 tempus
630 3158 778 3240 profecto
824 3156 896 3220 satis
931 3157 1069 3242 longum
1106 3159 1209 3234 foret,
1246 3139 1285 3223 ut

341 3282 381 3344 de
416 3283 531 3362 potitae
564 3277 712 3342 laudibus
740 3291 826 3342 recte
862 3278 1090 3362 subtiliterque
1119 3280 1284 3364 judicare·

340 3413 411 3473 tur,
446 3399 472 3464 si
503 3401 553 3462 vel
584 3419 696 3462 omnes
727 3399 823 3481 hujus
855 3399 979 3482 periodi
1003 3400 1127 3466 fabulas
1149 3401 1286 3467 habere·

340 3541 415 3585 mus
449 3520 604 3606 integras,
636 3521 687 3584 vel
719 3540 834 3584 earum
869 3520 1003 3595 saltem,
1033 3541 1116 3604 quae
1139 3537 1278 3606 restant,

340 3655 469 3734 tempus
497 3654 647 3706 accurate
668 3653 860 3707 constaret·
887 3639 941 3704 His
964 3662 1043 3728 ergo
1067 3643 1284 3708 incommodis

339 3763 550 3846 posthabitis,
580 3764 620 3826 de
643 3762 775 3850 singulis
797 3761 979 3849 tragoediae
1002 3765 1167 3846 partibus,
1201 3777 1286 3851 quo-

339 3887 438 3950 modo
466 3886 553 3968 apud
581 3886 778 3970 Aeschylum
810 3885 1003 3950 constitutae
1019 3887 1082 3951 sint
1105 3887 1282 3954 videamus.

378 4138 421 4209 (1)
442 4149 491 4214 tp.
507 4147 620 4202 Robort
