3016 5000
586 291 743 351 *75-

238 495 479 580 Argumentum
504 510 569 552 non
595 489 702 555 minos
725 489 851 554 scenico
876 501 1008 564 (arneto,
1033 511 1130 572 quam

192 615 260 698 ipsa
283 613 479 678 tractationis
506 611 724 678 concinnitate
745 631 778 674 se
802 610 1020 676 commendat.

236 737 287 800 Ad
302 735 470 801 scenicum
483 745 637 797 ornatum
656 730 821 814 pertinent
835 744 996 796 nocturna
1013 731 1132 798 facium

189 858 280 944 signa
304 871 335 923 et
360 855 534 934 excubiae,
571 855 671 918 laetus
695 853 846 917 victoriae
870 852 1026 932 nuntius,
1051 855 1134 918 faces

188 999 359 1052 accensae,
381 975 616 1040 sacrificiorum
642 987 837 1058 apparatus,
860 971 1134 1057 splendidissimus

188 1105 282 1165 aulae
314 1111 468 1172 ornatus,
504 1095 644 1180 denique
680 1095 958 1182 Agamemnonis,
995 1093 1133 1158 Asiatica

190 1224 310 1305 praeda
326 1219 452 1303 stipati,
477 1221 649 1283 adventus:
673 1237 816 1301 (quoram
837 1217 987 1282 omnium
1005 1215 1133 1302 magni·

84 1351 87 1358 ’
189 1343 320 1406 lieentia
343 1343 552 1406 vehementer
572 1352 793 1422 spectatorum
814 1341 922 1404 oculos
943 1338 1132 1421 animosque

192 1479 324 1550 tangere
366 1463 500 1538 debuit,
534 1472 723 1544 reputantes
763 1483 802 1526 ex
845 1461 998 1524 interiore
1031 1460 1131 1524 domo

188 1584 349 1648 iustitiam
369 1583 567 1668 jamdudum
590 1583 799 1666 disparuisse:

363 1708 403 1768 τὰ
427 1707 613 1790 χρυσόπαστ’
638 1703 737 1770 ἐσθλὰ
760 1707 816 1772 σύν
840 1707 923 1790 πίνῳ
946 1713 1044 1792 χερῶν

362 1823 624 1909 παλιντρόποισιν
648 1828 701 1908 ὅμ-

362 1967 437 2028 μασι
461 1945 627 2010 λιποῦσαν.

230 2065 293 2130 Sed
328 2069 433 2131 multo
464 2067 687 2132 admirabilior
715 2082 763 2132 est
786 2067 962 2131 concinnas
986 2069 1128 2150 partium

183 2190 264 2251 ordo
287 2201 319 2252 et
342 2189 469 2271 poetica
490 2188 678 2274 argumenti
701 2188 870 2264 tractatio,
889 2210 972 2273 quae
995 2187 1127 2254 distinc-

183 2312 221 2390 tis
251 2325 284 2374 et
315 2310 467 2394 oppositis
492 2331 704 2394 personarum
741 2309 888 2374 moribus
903 2355 917 2386 ‚.
936 2331 1126 2374 sermonum

182 2431 415 2516 actionumque
450 2433 626 2510 varietate,
664 2431 841 2496 verborum
876 2443 909 2496 et
942 2432 1126 2518 imaginum

183 2553 317 2628 lumine,
340 2553 576 2618 sententiarum
600 2554 740 2640 εἰρωνείᾳ
757 2569 789 2619 et
805 2554 1020 2640 ambiguitate
1033 2559 1128 2618 unice

181 2697 214 2738 se
238 2677 458 2740 commendat.
817 2660 820 2670 ¹

225 2797 369 2862 Fabulae
393 2799 554 2880 οἴκονομία
586 2799 706 2882 pendet
735 2797 875 2866 atotius
906 2798 1052 2885 trilogiae
1075 2821 1127 2862 ra·
1171 2817 1176 2825 “

181 2919 293 2994 tione,
331 2920 422 3002 cujus
455 2921 534 2983 baec
568 2933 697 3002 partem
733 2920 838 2984 efficit.
888 2915 1128 3009 Agamemnon

181 3037 307 3122 primus
330 3039 420 3124 quasi
446 3053 535 3104 actus
558 3037 605 3112 eat'
622 3038 795 3117 Oansrrsn,
819 3043 926 3131 mythi
950 3043 1124 3127 tripartiti,

180 3183 280 3255 quem
306 3161 350 3224 ita
376 3161 508 3225 tractari
534 3163 680 3245 oportuit
706 3177 745 3226 ut
766 3161 910 3228 actionis
929 3167 1072 3248 pondere
1094 3180 1127 3228 et

145 3369 149 3374 Ι
181 3281 311 3368 tragica
329 3282 358 3346 vi
381 3283 545 3368 gradatim
572 3299 745 3350 cresceret:
767 3286 875 3369 prima
897 3298 1007 3350 autem
1032 3288 1127 3371 bujns

181 3399 285 3488 mythi
309 3425 393 3487 pars,
407 3403 664 3490 Agamemnonis
681 3409 807 3485 caedes,
831 3409 863 3472 in
876 3409 985 3492 priore
998 3409 1127 3474 fabulae

181 3537 273 3606 parte
305 3529 414 3610 ample
449 3526 641 3612 copioseque
673 3529 882 3612 implicatur,
917 3535 1018 3594 semel
1050 3550 1126 3594 vero

180 3659 364 3729 perpetrata
389 3648 599 3731 praecipitem
618 3651 697 3716 facit
719 3651 904 3738 tragoediae
923 3651 1047 3716 exitum
1061 3650 1126 3736 (t).
1177 3734 1180 3738 ἡ

217 3835 260 3906 (1)
279 3845 359 3896 Plane
386 3846 493 3898 diversa
523 3852 583 3910 est,
613 3851 650 3900 ob
679 3849 792 3901 eaodem
821 3851 948 3912 trilogiae
967 3846 1119 3902 rationem·

178 3943 287 3993 tabulae
307 3942 375 4010 Sept.
395 3950 483 3996 contra
503 3935 526 3982 T
527 3945 582 4000 leba
598 3944 756 4008 dispositio.
773 4009 776 4017 Ι
797 3946 866 3998 Haec
885 3943 979 4006 enim,
998 3941 1124 3996 ultlmam

176 4039 350 4104 Oedipodiae
369 4047 475 4106 partem
495 4042 682 4104 constituens.
711 4044 853 4108 principio
882 4039 993 4104 quiden
1014 4046 1126 4096 actuosa
