3016 5000
749 337 919 412 zos-2

283 631 287 638 Ι
369 543 476 627 pergit
512 539 637 606 Chorus
670 542 738 624 jam
771 542 981 623 aproposito
1004 542 1167 605 declinans
1191 581 1230 602 -ψ
1253 563 1309 616 ne·

370 683 434 746 que
468 661 592 726 divitias
626 684 730 747 neque
776 663 927 725 oninium
956 633 1074 726 ¹rerum
1110 661 1309 736 affluentiam

369 784 511 860 mederi3
544 783 611 848 imo
647 803 723 847 vero
757 803 808 847 eos
831 783 952 858 etiam,
985 784 1041 868 qui
1077 805 1154 847 cum
1187 783 1312 866 impro-

371 903 420 968 bis
453 903 639 968 societatem
674 902 824 979 inierint,
860 919 988 985 partem
1022 925 1143 988 poenae
1176 905 1312 969 sustine-

371 1047 407 1088 re
424 1022 485 1112 (1).
530 1023 582 1088 Sic
605 1023 771 1100 Paridem,
794 1024 947 1106 improba
970 1019 1166 1101 sectantem,
1190 1027 1314 1108 patriae

369 1144 445 1210 urbi
469 1145 644 1228 perniciem
680 1145 847 1221 struxisse,
883 1167 991 1230 neque
1015 1147 1129 1210 melius
1152 1146 1312 1211 Helenam

371 1282 440 1332 tam
474 1266 534 1330 sibi
570 1288 670 1351 quam
700 1269 762 1331 suis
797 1267 919 1332 civibus
953 1266 1205 1334 innumerabilia
1228 1273 1316 1334 mala

370 1409 507 1471 parasse.
552 1384 641 1471 Quid
664 1385 777 1450 enim?
822 1387 872 1451 Ex
896 1387 979 1452 illius
1004 1389 1138 1470 perfidia
1161 1401 1314 1453 cunctam

372 1507 543 1573 Graeciam
564 1511 692 1572 luctum
716 1507 914 1590 percepisse:
950 1505 1137 1572 Menelaum
1157 1511 1316 1596 profugae

372 1629 480 1694 uxoris
504 1629 658 1692 desiderio
680 1630 888 1704 consectum,
921 1627 1057 1714 Argivos
1080 1650 1178 1704 vero,
1211 1632 1316 1704 eheu,

374 1750 562 1814 etiamnunc
585 1749 714 1814 crebros
749 1760 900 1834 cognatos
924 1762 956 1813 et
979 1748 1153 1828 familiares
1177 1749 1316 1827 deflere,

373 1892 516 1958 quorum
552 1871 671 1934 cineres
705 1871 739 1932 in
769 1869 908 1952 patriam
938 1883 1159 1968 reportantur.
1204 1868 1318 1955 Neque

375 1993 498 2054 ntirnnr
535 1991 630 2064 dicit,
665 1977 692 2054 si
724 1989 910 2072 superstites
945 1991 1086 2074 graviter
1111 1961 1317 2056 succenseant

375 2111 636 2199 Agamemnoni,
661 2123 831 2195 querentes
855 2111 943 2196 quod
966 2111 1060 2175 unius
1083 2112 1228 2177 mulieris
1245 2135 1318 2200 gra·

375 2235 421 2297 tia
455 2247 504 2295 tot
536 2232 620 2296 viros
653 2233 838 2314 perdiderit.
886 2232 1015 2307 Gravis,
1047 2233 1177 2318 inquit,
1201 2247 1250 2300 res
1273 2251 1320 2300 est

376 2353 497 2417 civium
529 2353 668 2429 invidia,
703 2354 808 2438 gravis
843 2355 981 2417 deorum
1004 2354 1104 2418 serius
1127 2355 1215 2419 oc'ius
1238 2357 1320 2420 ulci-

374 2474 533 2540 scentiunr
564 2474 633 2552 ira;
667 2475 804 2560 ideoque
835 2497 872 2539 ea
906 2489 1035 2540 tautum
1068 2496 1135 2540 sors
1158 2479 1320 2559 optanda,

377 2617 460 2679 quae
483 2594 557 2658 odio
581 2607 692 2672 vacet,
728 2617 769 2660 ne
792 2596 881 2681 quis,
907 2595 975 2661 aliis
997 2596 1149 2674 devictis,
1172 2597 1241 2680 ipse
1262 2619 1321 2662 sua

381 2718 447 2782 vioe
469 2717 572 2781 victus
598 2717 784 2781 occumbat.

422 2839 568 2904 Tandem
594 2836 721 2904 Chorus
755 2841 797 2902 ad
830 2839 917 2902 allati
949 2839 1056 2903 nuntii
1087 2839 1247 2903 rationem
1271 2857 1321 2901 at-

378 2964 535 3035 tendens,
570 2983 601 3024 se
631 2959 802 3024 veritatem
837 2963 904 3043 ejus
939 2935 1148 3024 vehementer
1182 2959 1320 3023 addubi-

378 3096 446 3146 tare
470 3086 610 3147 necdurn
645 3095 854 3164 praematuro
891 3082 1010 3168 gaudio
1043 3103 1121 3146 curn
1155 3079 1323 3168 Clytaem-

378 3219 485 3268 nestra
511 3204 680 3290 indulgere
706 3206 787 3268 velle
816 3206 936 3267 latetur
958 3200 1016 3291 (vs.
1037 3202 1213 3288 3447476).
1259 3201 1324 3267 Re·

378 3323 456 3412 gina
477 3336 591 3388 eontra
621 3326 729 3406 paullo
766 3337 840 3387 ante
859 3326 943 3387 clam
964 3321 1075 3388 Chore
1102 3343 1237 3416 reversa.
1257 3323 1325 3406 ejus

380 3445 596 3526 dubitationes
610 3465 767 3530 curasque
787 3444 1008 3526 reprehendit,
1030 3443 1191 3507 affirmans
1207 3465 1240 3508 se
1254 3445 1325 3527 jam

379 3565 539 3634 Nuntium
560 3566 701 3652 aliquem
728 3565 926 3648 conspicari,
950 3563 1007 3649 qui
1030 3565 1095 3628 cito
1117 3564 1221 3650 gradu
1247 3585 1326 3646 pro·

381 3710 495 3774 perans
514 3707 592 3752 mor
615 3688 697 3771 ipsos
720 3689 761 3751 de
781 3686 873 3773 signo
894 3685 1046 3750 certiores
1066 3685 1250 3751 redditurus
1271 3686 1323 3752 sit.
1405 3769 1407 3774 Ι
1485 3761 1486 3776 ¹

381 3832 540 3846 m

416 3877 460 3954 (⁴1)
481 3889 580 3943 contra
599 3888 719 3950 cnoepn.
740 3902 777 3939 vs.
796 3887 850 3938 sot
871 3877 927 3947 (eu.
946 3879 1103 3949 transeut:

566 3980 718 4052 sparsisset
739 3980 773 4036 el
793 3977 862 4036 θεῖον
881 3979 959 4050 παρὰ
979 3978 1013 4036 sl
1033 3982 1071 4049 μῆ

643 4073 792 4147 ὑπουργεῖν
815 4095 872 4143 πως
891 4076 999 4142 κακοῖς.
