3016 5000
582 328 739 387 „73-

188 532 292 604 dum,
327 528 378 592 alii
411 529 442 590 in
474 549 546 591 rent
568 527 803 610 inquirendum
827 541 977 591 censent.
1011 529 1127 592 harum

188 651 421 716 sententiarum
467 669 551 734 quae
575 648 823 734 suffragiorum
865 669 1005 712 numero
1046 651 1129 713 vice-

188 786 256 848 rat,
293 773 450 856 choragus
483 767 675 850 pronuntiat
709 764 766 854 (νε.
804 765 1020 853 tato-1344).
1067 767 1130 833 Sed

188 915 281 972 ecce,
324 894 394 976 jam
442 889 550 972 prodit
590 886 864 976 Clytaemnestra,
915 890 1022 954 mariti
1061 911 1132 973 cae·
1227 947 1230 950 .

189 1016 265 1078 dem
289 1012 484 1096 patefaciens
515 1023 547 1074 et
579 1032 743 1074 excusans:
774 1047 815 1060 »ο
850 1011 882 1073 in
912 1007 1011 1096 quam
1047 1012 1133 1074 acri.

188 1151 239 1200 ter
273 1131 437 1196 invehitur
461 1127 608 1206 Chorus,
645 1131 778 1195 miserae
811 1143 954 1196 mortem
986 1146 1018 1197 et
1052 1135 1133 1197 exsi-

189 1258 273 1320 lium
319 1254 470 1317 minitans
519 1254 576 1340 (νε.
611 1253 695 1316 1372
725 1274 773 1336 sq.
817 1254 901 1316 1380
936 1275 1007 1338 sqq.
1044 1255 1132 1318 troo

190 1374 298 1463 sqq.);
324 1409 363 1421 —
397 1374 550 1458 adspectis
583 1373 791 1438 cadaveribus
817 1389 961 1438 mortem
984 1375 1045 1440 sibi
1076 1375 1133 1436 fle-

191 1499 299 1562 biliter
330 1509 420 1580 optat
444 1493 501 1584 (νε.
529 1469 751 1581 1423-1429);
777 1539 817 1550 -
847 1495 985 1560 Helenae
1007 1517 1132 1560 noxam

193 1618 308 1700 repetit
343 1629 390 1680 tot
415 1616 530 1680 animis
558 1617 671 1681 mortis
694 1639 837 1682 caussam
862 1619 1132 1708 (vellito-1436

191 1752 223 1800 et
257 1735 475 1825 1450-1456);
502 1775 540 1785 -
586 1739 727 1802 celebrat
760 1743 955 1806 daemonem
990 1741 1133 1804 Tantali-

190 1861 308 1922 darum
356 1859 499 1930 nedibus
533 1859 655 1924 assidue
700 1860 891 1924 irascentem
930 1863 989 1948 (νε.
1027 1863 1134 1926 1443-

194 1981 297 2056 1449;
321 2015 366 2028 -
388 1978 473 2044 Jovis
496 1979 695 2062 potentiam,
731 2001 796 2064 qua
827 1982 939 2045 omnia
961 1981 1133 2064 perfician-

192 2117 257 2176 tur,
282 2101 425 2187 agnoscit
450 2101 508 2188 (νε.
536 2099 761 2190 1463·1470);
786 2139 828 2148 -
852 2102 996 2165 amicum
1021 2123 1133 2189 regem

192 2226 300 2308 luget,
334 2221 467 2308 indigne
499 2223 703 2287 acerbissimo
735 2225 803 2286 fato
839 2223 1033 2287 exstinctum
1071 2225 1133 2311 (νε.

195 2345 384 2408 1471-1478
408 2357 440 2408 et
466 2341 694 2429 rtet-1502);
719 2379 760 2390 -
794 2344 887 2409 occisi
909 2348 1036 2428 prolem
1063 2345 1133 2409 vin·

192 2465 297 2532 dicem
319 2465 474 2548 implorat
496 2462 554 2553 (νε.
581 2463 802 2554 1487-1492);
827 2453 870 2518 -ss-
892 2466 989 2530 totius
1015 2469 1133 2530 domus

192 2587 360 2651 interitum
386 2599 517 2650 veretur
542 2587 601 2676 (νε.
627 2588 836 2666 1512-15183
864 2622 905 2636 -
928 2590 1025 2652 sunus
1043 2610 1132 2652 ruor-

191 2722 248 2773 tno
279 2709 464 2772 faciendum
499 2709 647 2792 queritur
672 2710 730 2798 (νε.
760 2709 948 2773 1519-1529
973 2721 1005 2772 et
1031 2711 1132 2773 1546-

194 2829 311 2918 1556);
336 2870 375 2880 -
408 2830 492 2894 necis
523 2829 626 2893 vicem
649 2806 912 2894 interfectoribus
935 2829 1048 2893 indicit
1073 2827 1131 2917 (vs.

195 2947 410 3034 1539-1545).
454 2947 579 3034 Quibus
611 2951 744 3036 singulis
779 2951 919 3034 singulas
942 2951 1133 3014 interserens

190 3041 335 3156 strophas
359 3069 616 3157 Clytaemnestra
637 3071 829 3154 respondete

224 3192 511 3280 Clytaemnestrae
522 3192 664 3256 succedit
678 3191 875 3269 dannanus,
889 3191 941 3255 cni
955 3194 1050 3256 caede
1062 3195 1133 3279 glo-

192 3315 287 3380 rianti
301 3314 428 3382 Chorus
451 3315 529 3378 item
548 3315 649 3398 justas
671 3335 787 3397 poenas
799 3313 943 3377 minatur
958 3310 1015 3402 (νε.
1033 3316 1133 3379 1602-

194 3435 308 3518 1'606);
323 3473 365 3486 -
387 3435 601 3519 superbientis
623 3436 802 3520 nequitiam
817 3437 943 3500 accusat
958 3433 1014 3524 (νε.
1031 3438 1133 3502 1615-

194 3559 306 3643 1617);
316 3601 355 3609 -
368 3560 638 3627 intumescentem
651 3557 755 3622 ironia
766 3557 953 3644 perstringit
969 3559 1133 3646 (νε.1623-

193 3680 311 3768 1625);
336 3717 375 3724 -
406 3677 554 3746 Orestem
585 3683 726 3745 ultorem
750 3679 913 3763 promittit
938 3677 995 3767 (vs.
1023 3681 1133 3742 1633-

195 3803 313 3892 1638);
338 3844 378 3856 -ω
413 3804 548 3869 minanti
572 3803 716 3891 gladium
749 3801 923 3885 corripiens
946 3802 1132 3864 adversatur

194 3932 252 4017 (νε.
271 3930 365 4002 tort,
383 3925 493 4012 1643).
518 3925 579 3991 Sed
592 3925 830 3990 conflictionem
846 3923 997 4007 prohibet
1010 3921 1133 3984 rediens

191 4055 223 4114 in
258 4071 385 4114 scenam
423 4048 702 4137 Clytaemnestra,
738 4069 820 4130 quae
845 4045 992 4112 Clrorum
1028 4043 1134 4108 conti.
