3016 5000
774 361 933 414 ,56-

387 579 488 642 usque
522 559 676 632 servavit,
712 559 837 640 rumpit
871 571 902 622 et
937 558 1143 644 iniquitatem
1168 563 1255 628 Jovis
1279 586 1328 627 re-

385 692 523 762 putans,
549 691 693 755 terram,
718 679 839 754 maria,
864 679 1021 756 flumina,
1044 684 1147 744 solem
1171 694 1327 758 testatur,

385 812 423 863 ut
440 799 617 883 adspiciam
637 813 793 884 quantam
816 801 850 862 in
869 798 1052 876 miseriam,
1076 801 1118 866 ob
1140 801 1328 866 benificium

386 919 573 983 hominibus
600 921 810 1003 praestitum,
845 941 974 984 anovo
1008 923 1142 986 deorum
1181 945 1258 1010 rege
1289 926 1330 987 sit

385 1042 543 1105 detrusus.
588 1039 664 1104 Mox
688 1052 800 1104 autem
832 1061 871 1103 ex
906 1042 987 1104 aie'ris
1013 1044 1151 1126 strepitu
1183 1045 1327 1129 aliquem

386 1162 535 1226 advenire
555 1161 708 1236 sentiens,
719 1171 896 1250 postquam
909 1159 1095 1227 Ocururnxs
1108 1165 1256 1228 curribus
1269 1187 1329 1247 per

386 1284 514 1346 coelum
526 1283 672 1346 advectas
686 1281 845 1365 adspexit,
859 1284 1003 1365 querelas
1016 1305 1086 1347 suas
1100 1285 1326 1367 exprobratio·

385 1425 506 1488 tresque
527 1404 654 1486 repetit,
681 1403 908 1487 eoqueacrius,
931 1415 968 1466 ut
991 1404 1059 1468 illas
1086 1406 1229 1488 propitio
1253 1427 1331 1491 erga

385 1547 418 1588 se
449 1525 559 1613 animo
590 1545 655 1586 esse
688 1523 849 1608 cognovit.
896 1520 1071 1586 Oceanides
1106 1541 1242 1589 narrant
1273 1549 1328 1602 se,

388 1645 498 1708 audito
532 1645 566 1706 in
601 1643 700 1708 antris
734 1657 923 1707 catenarum
960 1645 1136 1728 malleique
1168 1648 1329 1723 stridore,

387 1765 441 1830 vix
466 1765 640 1847 impetrata
665 1787 682 1827 a
708 1777 799 1846 patre
822 1763 987 1850 migrandi
1011 1766 1124 1844 venia,
1157 1769 1329 1833 confestim

389 1889 454 1950 huc
476 1886 594 1966 venisse
614 1886 748 1974 (vs.128
774 1882 877 1970 sqq.);
892 1921 937 1937 -
960 1887 1135 1968 conspectis
1158 1909 1235 1952 vero
1246 1889 1331 1953 Pro-

388 2007 510 2072 mathei
531 2007 724 2071 cruciatibus
741 2006 965 2090 maximopere
977 2007 1210 2092 ingemiscunt,
1234 2021 1266 2071 et
1279 2031 1327 2072 re-

387 2151 460 2194 cens
473 2128 877 2212 imperantisiniquitatem
891 2128 1080 2211 improbant
1094 2130 1152 2218 (vs.
1166 2131 1229 2194 144
1241 2130 1327 2218 sqq).

385 2250 508 2312 Deinde
521 2263 735 2333 querentem,
761 2253 849 2333 quod
867 2251 910 2313 ita
928 2251 961 2312 in
984 2251 1168 2334 inhospitali
1186 2251 1327 2319 Caucaso

388 2371 568 2452 expositus,
589 2391 649 2433 nec
672 2370 705 2430 in
723 2369 838 2434 interis
860 2371 966 2452 potius
990 2371 1031 2434 ab
1056 2373 1204 2435 omnium
1228 2375 1328 2438 oculis

389 2505 421 2554 et
446 2491 487 2553 ab
514 2471 723 2554 inimicorum
749 2492 951 2556 contumeliis
976 2506 1120 2556 remotus
1142 2493 1200 2569 sit,
1223 2496 1328 2557 solan-

387 2613 536 2676 turillae
574 2612 742 2676 communi
776 2615 914 2676 deorum
947 2614 1095 2676 omnium
1122 2615 1329 2680 commisera-

387 2733 495 2807 tione,
531 2753 599 2796 uno
634 2747 768 2817 excepto
801 2732 899 2809 Jove,
932 2755 1031 2818 quem
1069 2757 1087 2798 a
1120 2735 1271 2818 superbia
1295 2752 1328 2802 et

388 2853 608 2918 dominatione
628 2875 694 2918 non
711 2854 799 2937 prius
816 2865 1014 2918 cessaturum
1028 2855 1326 2942 opinantur,·quam

385 2978 437 3039 vel
461 2975 520 3060 ipsi
544 2975 677 3040 libuerit
700 2978 751 3040 vel
774 2975 903 3040 alterius
924 2977 1055 3040 fortasse
1078 2977 1199 3042 artibus
1223 2979 1326 3044 victus

385 3095 591 3160 succubuerit
617 3094 676 3184 (vs.
704 3098 765 3160 159
788 3095 875 3186 sqq).

430 3216 595 3280 Postrema
619 3219 698 3282 haec
720 3215 820 3283 Chori
853 3219 953 3283 verba
974 3219 1092 3303 accipit
1114 3219 1326 3286 Prometheus

386 3347 418 3398 et
440 3335 588 3418 protinus
610 3351 776 3413 asseverat,
791 3337 905 3404 Jovem
931 3341 1106 3425 aliquando
1130 3341 1252 3407 victum
1275 3344 1326 3422 iri,

385 3455 440 3518 sed
465 3456 611 3520 vincendi
635 3459 685 3521 dei
710 3460 895 3534 rationem,
929 3463 985 3524 etsi
1009 3463 1113 3564 probe
1136 3464 1237 3540 sciat,
1272 3479 1327 3530 ta·

384 3596 461 3638 men
495 3597 536 3639 ne
571 3579 734 3645 minitanti
765 3581 952 3662 quidemse
976 3584 1215 3663 patefacturum
1238 3586 1326 3650 affir.

385 3711 469 3775 mat,
493 3698 552 3762 nisi
569 3699 656 3780 prius
673 3701 715 3764 ab
732 3721 770 3765 eo
786 3702 920 3765 vinculis
936 3702 976 3765 sit
991 3702 1153 3769 liberatus.
1200 3705 1324 3771 Deinde

386 3816 494 3883 Clroro
527 3840 638 3884 veram
669 3821 756 3886 Jovis
792 3823 938 3886 saevitiae
975 3845 1119 3889 caussam
1149 3828 1323 3893 sciscitanti

380 3941 535 4022 exponit,
562 3939 681 4040 quilius
702 3944 797 4008 rebus
820 3945 898 4008 olim
923 3945 1006 4012 hene
1030 3949 1069 4011 de
1091 3947 1171 4014 Jove
1192 3970 1323 4032 promc-

379 4061 463 4126 ritus
484 4062 542 4140 sit;
580 4067 709 4146 culpam
741 4077 870 4142 autem,
907 4088 1007 4152 quam
1032 4070 1252 4145 contraxerit,
1288 4071 1322 4134 in

1211 4258 1220 4288 Ι
