2902 5004
530 361 686 416 *35-

139 575 173 625 et
196 562 261 627 882
284 557 388 647 sqq.);
424 561 524 626 modo
559 561 726 626 universae
760 560 863 648 gentis
898 562 1082 628 moerorem

140 683 358 757 considerans,
393 678 493 747 cladis
530 683 597 766 ejus
632 694 799 746 auctorem
839 681 939 747 libere
979 685 1082 768 carpit

142 805 200 892 (ss.
221 805 286 869 524
308 801 415 890 sqq.);
449 804 552 868 modo
582 802 832 887 praeteritorum
856 823 985 872 memor
1008 825 1082 872 me-

139 925 258 988 liorum
291 938 484 1009 temporum.
523 923 700 1010 imaginem
735 924 956 1006 praesentibus
991 911 1084 992 inalis

137 1046 274 1130 opponit
299 1046 359 1133 (vs.
383 1045 449 1110 838
472 1042 560 1130 sqq).
606 1041 693 1110 llaec
715 1045 861 1111 carmina
882 1045 927 1110 ita
950 1039 1085 1120 ordinas

135 1168 184 1233 vit
205 1176 328 1252 poeta,
345 1171 348 1176 '
364 1180 402 1230 ut
434 1169 590 1253 primum
614 1187 747 1239 carmen
770 1165 898 1254 prologi
921 1166 1022 1232 instar
1044 1188 1083 1234 ea

136 1289 256 1376 quibus
279 1290 319 1354 ad
341 1257 469 1369 fabulae
491 1289 694 1354 intellectum
717 1309 798 1372 opus
821 1300 899 1354 esset
920 1300 1079 1372 spectato-

136 1410 228 1474 ribus
251 1409 431 1488 exhiberet3
456 1407 639 1474 secundnm
663 1421 752 1473 actus
775 1407 889 1493 primi,
913 1420 1080 1494 quartum

137 1541 226 1595 actus
257 1528 388 1596 secundi
420 1532 597 1596 clausulam
621 1529 793 1609 'efficerct;
831 1532 938 1596 tertio
968 1543 1080 1598 autem

136 1651 297 1728 carmine,
341 1653 429 1738 quod
470 1653 572 1716 modo
611 1651 801 1738 tetigimus,
837 1651 964 1718 Chorus
1002 1655 1077 1718 deos

134 1772 362 1838 obtestaretur.

175 1893 261 1961 Vere
301 1894 403 1981 igitur
436 1893 547 1969 Rode,
584 1895 729 1976 exposito
768 1893 940 1958 Persarum
980 1914 1078 1979 argis·

132 2027 269 2090 mento,
293 2006 479 2078 concludit:
510 2015 595 2076 hanc
625 2013 790 2090 fabulam,
812 2014 838 2077 si
860 2015 907 2082 ed
923 2014 991 2097 ejus
1013 2014 1076 2080 dis·

134 2133 348 2216 positionem,
379 2134 470 2198 nulla
491 2132 640 2219 trilogiae
662 2133 786 2198 ratione
808 2132 937 2210 habita,
972 2146 1077 2200 atten-

134 2255 210 2331 das,
248 2257 289 2319 ad
324 2254 503 2338 primordia
536 2255 613 2320 artis
654 2255 794 2342 tragicae
834 2255 953 2322 merito
988 2277 1077 2340 posse

130 2373 260 2441 referri.
305 2373 390 2440 Nam
408 2390 440 2442 et
462 2376 611 2463 longiora
634 2375 736 2443 Chori
758 2377 903 2444 carmina
925 2399 1075 2464 magnas-

130 2519 193 2583 que
214 2497 310 2580 ipsius
326 2496 361 2560 in
375 2497 500 2583 agendo
512 2510 638 2581 partes,
656 2511 689 2564 et
707 2499 848 2582 prolixas
864 2501 1073 2579 narrationes,

127 2617 426 2703 praesertimque
448 2617 571 2684 Nuntio
587 2619 797 2701 tribuuntur;
822 2643 922 2706 porro
944 2622 1073 2689 divisio·

126 2762 204 2804 nem
228 2741 263 2804 in
277 2753 342 2804 tres
359 2753 466 2819 actus,
491 2741 525 2806 in
543 2742 661 2826 quibus
678 2755 744 2809 tres
761 2745 903 2824 diuersae
918 2765 1072 2830 personae

126 2861 275 2944 deinceps
306 2863 510 2946 procedunt3
546 2864 686 2952 denique
716 2867 913 2932 dramaticus
940 2867 1073 2934 actionis

127 2981 326 3058 exilitatem,
350 3004 455 3068 quum
485 3006 593 3050 sermo
622 2987 690 3052 sine
711 3009 833 3074 magna
856 2989 1072 3055 concinnitate

128 3101 432 3186 interrogationibus
449 3118 483 3170 et
495 3107 653 3191 responsis
675 3109 761 3173 lente
783 3107 1006 3193 protrahatur,
1027 3147 1071 3162 ο-

128 3225 211 3288 haec
245 3225 355 3290 omnia
389 3225 528 3308 priscam
561 3231 686 3294 referre
717 3231 793 3295 artis
816 3251 992 3309 normam,
1026 3234 1068 3296 ad

128 3365 228 3429 quarn
253 3345 422 3412 verisimile
455 3347 498 3412 sit
519 3348 743 3438 Phrynichum
767 3353 893 3437 optima
914 3375 971 3420 sua
994 3356 1067 3420 dra·

128 3479 216 3532 mata
241 3470 455 3552 composuisse
469 3469 531 3561 (l).
578 3470 706 3561 Quibus
728 3477 801 3541 addi
824 3489 947 3562 potest,
980 3478 1069 3564 quod

128 3588 356 3655 animadvertit
386 3590 597 3682 Bernhardy,
630 3617 739 3661 mores
770 3599 937 3685 agentium
961 3617 1070 3682 perso-

126 3731 246 3775 narum
268 3714 358 3778 nulla
380 3726 449 3778 arte
472 3735 537 3780 esse
559 3717 696 3783 variatos
715 3715 777 3807 (2).

159 3997 204 4070 (1)
222 4006 273 4071 01).
292 4007 309 4058 Ι.
328 4022 357 4072 p.
377 4008 444 4063 265·

160 4095 206 4168 (2)
224 4105 343 4158 Grundr.
365 4120 395 4170 p.
415 4105 478 4160 ⁷6⁷.
