2902 5004
582 328 784 406 -41-¹

192 535 226 598 in
251 542 405 614 tantaque
428 527 650 612 desperatione
675 535 708 590 et
733 528 897 588 humanae
918 525 1009 588 sortis
1033 525 1137 608 despi-

193 653 307 718 cientia
334 663 522 725 versantur,
547 662 584 712 ut
608 647 708 730 patris
729 647 861 710 monitis
884 645 936 709 vix
958 645 1137 729 obsequan-

193 790 266 849 tur,
290 786 387 858 atque
410 771 470 836 sub
490 768 596 833 {finem
621 771 757 832 demum
782 768 933 832 carminis
955 767 1044 831 Jovis
1068 789 1137 830 me-

85 861 89 870 .
117 959 121 966 ,
192 896 366 969 minerint,
400 873 494 977 cujus
527 890 688 975 potentiae
718 912 776 974 per
800 891 909 954 omnia
941 889 1063 973 patenti
1095 912 1135 952 ne

192 1019 223 1080 in
248 1016 349 1081 anxiis
373 1015 506 1099 quidem
531 1013 579 1076 his
602 1011 698 1088 rebus
721 1012 865 1076 diffidere
889 1011 1009 1075 velint:

491 1189 497 1204 ,
590 1135 621 1197 τί
640 1131 673 1197 d’
694 1138 771 1198 ἄνευ
794 1133 888 1198 σέθεν

418 1260 564 1320 θνατοῖσι
586 1251 707 1336 τέλειόν
731 1255 833 1331 ἔστης
861 1254 919 1340 (ts.
945 1250 1037 1339 803.)

238 1376 352 1441 Subito
375 1396 452 1440 vero
474 1374 631 1440 acerbum
655 1377 755 1441 edunt
779 1375 958 1458 ejulatum:
1055 1403 1061 1414 ·

418 1495 469 1560 ὅδε
491 1501 625 1578 μάρπτις
649 1501 755 1572 abibe,
782 1501 893 1576 γάϊοςὶ

195 1615 266 1679 lam
281 1616 369 1680 enim
380 1617 489 1700 prodit
502 1616 662 1694 Lucanus,
686 1639 705 1680 a
722 1617 831 1681 littore
851 1617 1033 1693 adveniens,
1046 1630 1139 1682 torvo

193 1741 285 1800 vultu
308 1740 461 1825 profugas
483 1723 524 1800 ad
546 1759 665 1816 navem
688 1752 838 1812 acturus,
863 1739 914 1802 oui
936 1737 1138 1823 aliquamdiu

193 1857 342 1940 precibus
375 1857 536 1942 obnixae,
570 1859 703 1921 tandem
738 1857 878 1922 atrocius
911 1857 1059 1921 minanti
1086 1879 1138 1921 coe

193 1981 269 2042 dere
302 1993 467 2064 eoguntur
504 1979 562 2066 (vs.
586 1977 763 2066 aot-sss).
809 1975 935 2040 Verum
961 1961 1139 2062 quominus

192 2111 308 2182 ¹raptae
331 2099 537 2164 abducantur
570 2098 726 2182 prohibet
760 2119 817 2162 rex
853 2097 1024 2186 Pelasgus,
1060 2099 1141 2184 qni,

197 2219 363 2302 auspicato
375 2199 614 2302 superueniens,
639 2219 778 2302 raptoris
792 2220 1010 2284 temeritatem
1029 2219 1142 2284 acerbe

193 2341 372 2424 reprobat,
396 2341 632 2426 hominemque
655 2343 695 2404 ad
719 2362 836 2438 navem
861 2315 1049 2420 dimittens,
1075 2343 1138 2406 Ae·
1226 2397 1227 2402 ,

193 2463 354 2551 gyptiadis
379 2465 500 2527 referre
520 2463 615 2547 jubet
628 2507 646 2538 ,.
672 2484 704 2526 se
739 2441 888 2547 civesque
913 2461 1048 2549 Argivos
1071 2463 1135 2528 Da-

194 2585 300 2649 naides
335 2585 369 2646 in
405 2583 569 2648 civitatem
605 2585 761 2668 recepisse
808 2573 925 2668 easque
974 2583 1015 2647 ab
1049 2585 1141 2646 omni

193 2706 311 2791 injuria
334 2708 519 2770 defensuros
543 2714 616 2788 esse.
663 2703 738 2789 Quo
761 2688 864 2769 ¹facto
897 2705 978 2788 ipsas
1002 2703 1142 2791 benigne

194 2830 307 2892 allatus
330 2827 448 2890 urbem
472 2827 595 2891 intrare
614 2825 729 2910 jubet,
766 2825 822 2889 ubi
848 2847 907 2909 pro
931 2825 1067 2912 arbitrio
1091 2829 1141 2889 uel

196 2951 230 3010 in
265 2925 390 3032 regiam
412 2951 579 3012 'devertere
614 2951 664 3012 vel
696 2963 856 3031 separatas
887 2948 975 3013 sedes
998 2946 1142 3043 habere,

195 3067 221 3130 si
246 3067 381 3172 malint}
404 3081 569 3150 poterunt.
599 3117 601 3122 .

242 3186 393 3273 Virgines
417 3209 478 3271 pro
498 3200 590 3253 tanto
609 3167 1017 3278 beneficior'egi'gratiam
1042 3213 1144 3279 agen-

199 3321 244 3373 tes
290 3320 432 3394 rogant,
468 3323 505 3372 ut
545 3321 639 3398 pater
684 3310 813 3376 Danaus
855 3312 914 3376 sibi
951 3315 1143 3388 reducatur,

200 3449 345 3514 quonum
390 3429 479 3512 prius
520 3431 572 3494 de‘·
596 3430 794 3498 habitatione
829 3434 1009 3500 deliberare
1046 3436 1146 3500 velint

201 3549 259 3637 (ts.
273 3549 450 3628 stt-952).
475 3549 536 3614 Hic
556 3551 656 3666 igitup
676 3551 800 3641 Pelasgi
826 3555 1012 3621 interventu
1034 3579 1144 3622 reuer-

197 3671 298 3747 titur,
330 3672 464 3736 comites
495 3695 607 3738 secum
642 3677 762 3740 ducens
797 3697 877 3762 quos
912 3677 970 3761 ipsi
1007 3679 1146 3760 populns

197 3791 569 3881 tribuit,·praecipitqne
594 3797 724 3878 puellis,
752 3809 799 3873 ut,
824 3809 1000 3884 antequam
1028 3797 1146 3861 urbem

197 3915 340 3989 intrent,
366 3917 471 3978 fausta
495 3917 615 3981 civibus
641 3920 859 3984 servatoribus
882 3943 900 3984 a
922 3921 980 3984 diis
1011 3941 1146 4004 precen-

168 4050 276 4113 ¹tur,
317 4036 351 4099 in
380 4037 461 4100 urbe
488 4058 564 4102 vero
594 4040 756 4124 sapienter
791 4044 1009 4126 decenterque
1037 4064 1147 4108 coram
