3016 5000
346 544 460 609 lovem
485 542 571 606 adire
595 553 627 605 et
650 541 799 623 precibus
822 545 862 606 ad
884 545 1034 609 solvenda
1059 546 1186 612 vincula
1212 569 1290 630 per·

742 345 899 398 ..58-

345 686 489 730 movere.
535 661 632 748 Quod
656 663 790 747 quidem
825 663 1017 741 consilium¹
1052 668 1200 750 quamvis
1222 689 1289 733 sae·

337 783 416 870 ¹pius
450 785 478 849 ei
511 787 624 849 offerat
658 805 721 848 nec
751 784 882 850 irritum
917 788 987 850 fore
1010 789 1144 865 credat,
1165 791 1289 854 trustra

343 905 456 972 tamen
474 905 668 972 Prometheo
682 905 823 988 p'robare
839 921 987 987 conatus,
1012 909 1132 986 infecta
1154 915 1288 977 tandem

342 1048 400 1104 re,
439 1029 574 1092 decedit.
599 1024 797 1093 .Oceanides
831 1041 961 1106 autern,
996 1031 1137 1118 digresso
1171 1047 1288 1116 patre,

342 1149 472 1214 stasimo
514 1149 658 1212 carmine
692 1149 909 1214 miserandam
945 1151 1129 1218 Promethei
1164 1121 1287 1220 sortem

263 1249 267 1256 ⁴
342 1271 558 1356 illacrymant,
582 1282 614 1334 et
636 1271 823 1354 superbiam
846 1272 934 1337 Jovis
957 1282 1137 1358 carpentes,
1160 1279 1291 1342 luctum·

342 1390 531 1456 describunt
553 1412 652 1476 quem
687 1412 800 1458 omnes
824 1407 990 1458 terrarum
1012 1389 1124 1483 gentes
1148 1418 1187 1460 ex
1210 1395 1288 1462 Pro·

341 1513 463 1576 mctbei
486 1513 669 1578 calamitate
692 1513 911 1594 perceperint,
936 1535 1003 1598 quo
1025 1515 1178 1599 quidem,⁴
1194 1535 1289 1602 praa-¹
1482 1511 1483 1526 ¹

340 1645 390 1698 ter
427 1605 590 1697 Atlantem
628 1633 733 1721 (cujus
761 1636 828 1698 sata
863 1636 962 1699 modo
986 1639 1129 1702 enarrari
1152 1639 1288 1708 audive-⁴
1327 1669 1330 1676 ·
1472 1557 1482 1711 d

287 1785 288 1790 κ
339 1757 448 1836 rant),
483 1753 651 1817 neminem
673 1753 803 1839 gravius
833 1769 891 1820 aut
926 1757 1054 1839 turpius
1085 1758 1285 1841 supplicium

340 1897 531 1959 perpessum
552 1897 619 1940 esse
643 1875 703 1962 (vs.
724 1873 904 1960 397-433).

385 1995 460 2064 Jam
483 1997 610 2062 tristem
633 1997 826 2062 mortalium
848 2009 971 2062 sortem
993 1998 1175 2063 describere
1199 1998 1285 2064 Pro-

341 2121 489 2184 metheus
523 2119 659 2202 incipit,
691 2123 887 2184 recensendo
918 2121 1045 2206 singula
1085 2121 1204 2206 quibus
1234 2142 1286 2186 eos

340 2262 360 2302 a
391 2242 460 2304 fera
493 2241 676 2324 agrestique
708 2238 775 2306 vita
805 2241 847 2305 ad
868 2243 1055 2305 humanum
1079 2245 1208 2309 cultum
1231 2245 1287 2307 ‹le-¹

340 2360 499 2425 duxisset:
535 2363 704 2424 stellarum
726 2373 838 2426 ortum
862 2374 895 2426 et
917 2383 1070 2428 occasum
1093 2384 1207 2440 nosse,
1229 2366 1285 2429 do·

340 2503 432 2547 mare
449 2484 543 2561 feras,
565 2481 718 2569 navigare
734 2482 869 2547 fluctus:
894 2484 1012 2569 quibus
1035 2483 1157 2554 artibus
1180 2505 1285 2569 quum

342 2604 422 2668 olim
445 2603 594 2668 homines
615 2602 755 2688 juverit,
785 2625 875 2668 nunc
895 2607 1020 2670 nullam
1040 2627 1076 2672 ¹se
1099 2618 1205 2669 artem
1227 2601 1286 2668 ba·'

340 2725 419 2790 bere
452 2746 518 2811 qua
539 2726 604 2810 ipsc
636 2726 800 2791 aerumnis
831 2709 974 2810 expediri
1006 2741 1114 2810 queat.
1137 2761 1182 2776 -
1212 2725 1286 2788 Im-

339 2848 505 2932 prudentia
540 2849 617 2912 boc,
638 2847 773 2932 quidem
807 2870 870 2913 esse
904 2847 1133 2934 animaduertit
1157 2845 1285 2912 Chorus

339 2992 386 3036 vs.
413 2973 479 3036 470
503 2992 575 3055 sqq.

380 3091 486 3158 Porro
508 3091 703 3156 morborum
718 3090 936 3166 sanationem,
960 3089 1156 3155 vaticinandi
1179 3092 1284 3156 facul-

339 3224 467 3289 tatem,
501 3214 711 3278 metallorum
745 3232 861 3287 usum,
896 3231 1008 3274 omnes
1043 3211 1180 3290 omnino
1202 3222 1285 3276 artes

340 3355 360 3398 a
390 3354 423 3398 se
454 3332 601 3416 primum
636 3331 781 3395 inventas
815 3343 846 3394 et
882 3328 1069 3393 hominibus
1101 3331 1189 3393 datas
1221 3350 1285 3394 esse

339 3465 485 3520 testatur.
540 3451 635 3518 Unde
664 3450 790 3517 Chorus
819 3451 989 3528 Titanem‚
1021 3464 1110 3515 tanta
1145 3421 1284 3516 sollertia

341 3574 547 3659 praeditum,
571 3573 704 3638 vinculis
733 3572 907 3658 aliquando
940 3570 1116 3636 liberatum
1153 3571 1193 3636 iri
1225 3594 1286 3660 nef

229 3681 232 3690 ¹
342 3721 406 3786 que
428 3696 507 3763 Jove
529 3695 692 3762 minorem
715 3697 785 3760 fore
805 3694 999 3778 suspicatur.
1017 3759 1020 3768 ,
1036 3691 1095 3757 llle
1119 3713 1196 3758 vero
1218 3714 1285 3758 non

343 3833 412 3886 arte
443 3803 606 3904 quadam,
645 3818 701 3882 sed
731 3815 915 3882 necessitate
947 3826 1052 3878 artem
1086 3825 1284 3898 superante,

342 3964 443 4026 quam
477 3962 518 4004 nc
551 3937 666 4002 iovem
704 3939 838 4024 quidem
870 3938 1012 4024 effugere
1048 3925 1163 4020 posse,
1198 3940 1286 4001 bunc

344 4065 517 4149 aliquando
540 4063 664 4129 victum
689 4062 726 4127 iri
745 4050 963 4146 pronuntiat
994 4057 1186 4144 Cujusmodi
1209 4079 1284 4122 vero

140 4726 822 4970 ‚snm
