3016 5000
747 343 905 396 ...82-

356 549 513 619 salutem,
549 540 694 605 hostibus
727 561 803 605 vero
831 543 931 626 justas
965 561 1081 624 poenas
1105 543 1216 604 afferat
1243 545 1311 626 (vs,

361 663 519 752 82-121).
633 629 639 645 ⁸

401 785 499 872 Quod
536 788 615 851 dum
651 783 779 848 Electra
814 785 893 848 facit
929 797 961 848 et
994 785 1157 848 libamina
1186 787 1302 861 solvit,

356 909 453 991 hujus
483 906 634 991 precibus
659 915 771 989 preces
801 906 1007 992 subjungunt
1039 905 1139 988 ipsae,
1174 908 1304 970 luctum

354 1050 451 1093 suum
476 1042 508 1092 et
530 1029 689 1094 vindictae
712 1025 907 1091 desiderium
931 1039 1099 1090 testantes:
1126 1071 1146 1100 ,‚
1163 1026 1256 1091 Eheu
1270 1026 1302 1088 !’'

354 1153 519 1236 inquiunt,
544 1151 645 1236 „quis
664 1163 710 1214 est
730 1149 786 1235 qui
800 1149 950 1214 cominus
966 1149 1134 1216 veminusve
1155 1170 1303 1235 pugnans

358 1275 496 1336 domum
518 1273 644 1360 regiam
667 1272 784 1337 vindex
806 1271 953 1335 restituat
965 1269 995 1332 l”
1023 1273 1081 1360 (vs.
1110 1267 1281 1356 122-161).

402 1393 527 1457 Inferiis
550 1367 686 1476 peractis
717 1392 847 1456 Electra
879 1393 963 1456 redit
994 1395 1158 1459 concitato
1193 1393 1304 1456 animo
1350 1445 1356 1458 .

362 1517 451 1600 quod
474 1513 648 1578 abscissum
671 1514 859 1578 cincinnum
881 1513 916 1575 in
938 1518 1071 1579 tumulo
1092 1516 1303 1598 conspexerit,

360 1657 459 1719 quem
483 1656 581 1698 nemo
604 1647 732 1718 praeter
756 1631 903 1699 Orestem
938 1635 1082 1717 potuerit
1112 1637 1212 1718 patris
1235 1635 1305 1699 Ma-

360 1754 455 1819 nibus
478 1757 651 1820 devovere:
680 1777 770 1840 spem
795 1757 869 1818 inde
891 1769 1073 1838 susceptam
1096 1757 1222 1820 firmari
1244 1757 1304 1820 sibi

360 1877 404 1940 ait
439 1875 577 1963 vestigiis
600 1877 689 1960 pedis
723 1889 828 1940 terrae
852 1877 1030 1958 impressis,
1055 1877 1103 1940 sui
1127 1878 1214 1959 pedis
1237 1879 1305 1940 sor·

364 2019 454 2061 mam
489 1993 584 2081 plane
616 1996 841 2069 referentibus.
889 1994 962 2080 Qua
996 1999 1034 2059 de
1067 2019 1102 2061 re
1134 2013 1307 2082 postquam

365 2119 491 2184 Chorus
533 2118 684 2182 dubitans
715 2117 877 2182 Electram
910 2118 1087 2200 paullisper
1121 2119 1307 2205 interroga·

362 2241 409 2303 vit
434 2241 491 2327 (vs.
521 2237 695 2325 tot-209),
731 2261 749 2302 e
784 2261 907 2303 recessu
939 2240 1091 2322 prodiens
1122 2242 1307 2323 supervenit

361 2359 506 2436 Orestes,
530 2381 562 2423 se
585 2363 720 2423 fratrem
744 2379 808 2424 esse
841 2359 988 2423 Electrae
1010 2361 1184 2446 significat,
1209 2362 1306 2446 idque

362 2496 399 2546 ut
433 2481 595 2544 dubitanti
630 2481 768 2564 probet,
803 2486 917 2566 κουράν
953 2481 1094 2544 ostendit
1127 2493 1160 2544 et
1183 2494 1305 2546 vestem
1371 2539 1377 2543 .

299 2693 301 2698 ,
350 2606 509 2688 profert,
545 2625 645 2688 quam
681 2603 722 2665 ab
752 2603 819 2685 ipsa
841 2603 1009 2686 quondam
1033 2602 1161 2666 Electra
1184 2603 1306 2685 pictam
1383 2609 1392 2616 “

361 2729 448 2790 dono
481 2739 657 2808 acceperat.
703 2723 829 2808 Quibus
862 2724 1049 2788 testimoniis
1081 2724 1229 2789 convicta
1251 2725 1307 2787 illa

280 2882 282 2887 ·
361 2845 510 2913 Orestem
534 2849 670 2910 fratrem
692 2846 809 2908 salutat
835 2846 1037 2928 deorumque
1061 2844 1219 2909 auxilium
1243 2845 1306 2908 irn-

362 2973 490 3054 plorat,
515 2966 640 3032 Orestes
663 2979 773 3030 autem
786 2971 855 3049 'per
878 2976 1079 3048 praesentem
1103 2965 1207 3052 gentis
1229 2985 1306 3028 suae

363 3092 581 3155 calamitatem
604 3087 719 3152 Jovern
742 3087 939 3164 obtestatur,
970 3100 1006 3150 ut
1029 3087 1196 3151 labantem
1219 3085 1306 3171 Aga-

363 3213 547 3277 memnonis
580 3213 717 3274 domum
753 3209 876 3272 fulciat.
930 3207 986 3272 His
1020 3206 1306 3290 imprecationibus

365 3333 493 3398 Chorus
525 3332 648 3396 monita
682 3330 808 3405 subdit,
832 3351 873 3392 ne
896 3331 960 3392 alta
983 3348 1060 3393 voce
1083 3301 1251 3412 loquentes
1272 3349 1307 3392 se

363 3477 484 3539 suaque
508 3454 636 3518 consilia
660 3453 796 3516 inimicis
819 3453 958 3536 prodant
983 3447 1040 3540 (vs,
1065 3448 1238 3536 262-266).

408 3575 530 3640 Audito
562 3595 639 3639 vero
674 3573 829 3657 Apollinis
864 3574 1040 3649 mandato,
1077 3593 1143 3656 quo
1178 3570 1306 3638 Orestes

364 3699 541 3764 vindictam
564 3711 750 3780 perpetrare
781 3709 908 3761 coactus
930 3697 988 3772 sit,
1020 3718 1062 3760 ne
1084 3695 1144 3759 sibi
1167 3696 1306 3778 patriae-

365 3841 428 3905 que
451 3819 534 3884 iram
556 3821 691 3883 deorum
716 3820 930 3894 contraheret,
956 3815 1083 3884 Chorus
1106 3817 1140 3880 in
1152 3817 1304 3900 proximo

364 3955 459 4018 actu,
495 3942 552 4006 ubi
584 3938 714 4006 Orestes
748 3955 779 4006 et
814 3941 942 4007 Electra
973 3941 1102 4006 alternis
1138 3962 1248 4024 preces
1271 3953 1304 4003 et

361 4064 584 4131 obtestationes
618 4065 740 4140 edunt,
787 4085 901 4131 eorum
945 4065 1090 4148 strophas
1115 4063 1303 4145 stropham
