2902 5004
723 385 861 438 -3-

319 554 438 648 adscito
466 585 594 646 fortasse
614 585 715 646 altero
732 581 881 670 Aeschyli
907 583 1076 659 histrione,
1100 587 1263 669 majorem

319 706 480 769 actionem
501 705 761 789 amplioremque
783 707 892 769 locum
916 704 951 768 in
976 705 1105 768 fabulae
1128 726 1261 789 compo·

317 828 432 892 sitione
455 824 635 912 assignavit.
1114 909 1118 920 .

361 947 425 1014 Vel
457 944 502 1011 sic
529 960 638 1009 tamen
670 947 784 1032 lyricas
816 959 923 1028 partes
955 947 1051 1030 epicis
1074 947 1261 1033 insigniores

210 1052 212 1074 ³
317 1069 430 1143 fuisse,
455 1067 627 1150 ipsumque
649 1072 780 1150 positam
805 1067 839 1130 in
859 1067 905 1132 his
924 1069 1027 1155 magis
1047 1090 1147 1152 quam
1166 1069 1261 1132 indi·

244 1203 248 1210 “
317 1187 437 1254 verbiis
469 1187 645 1253 elaborasse
674 1191 762 1272 apud
784 1190 933 1273 antiquos
954 1191 1123 1276 legimus
1148 1189 1187 1254 ln
1211 1193 1260 1276 ly-

317 1281 391 1374 ricis
421 1309 599 1402 excelluit
639 1289 793 1396 ‘Dodvixoc
822 1312 874 1375 ἐπὶ
906 1311 1087 1393 pelonotl'ac
1125 1295 1261 1394 {dacrio-

323 1433 391 1509 ζετο
409 1429 471 1520 (l).
518 1431 596 1516 Ejus
617 1432 802 1496 carminum
824 1432 961 1496 suavitas
986 1417 1162 1497 admodum
1183 1436 1265 1499 cele-

317 1553 490 1617 brabatur:
510 1547 596 1634 dode*
609 1535 698 1626 οὗτος
710 1551 785 1635 ἡδύς
796 1555 830 1618 ἓν
843 1560 908 1627 τοῖς
920 1552 1023 1635 μέλεσι
1034 1559 1188 1642 dorioque
1200 1557 1261 1644 (2).

317 1673 546 1758 Aristophanes
581 1673 762 1758 lyricorum
800 1676 867 1756 ejus
900 1651 1085 1740 carminum
1118 1679 1262 1744 dulcedi-

319 1815 395 1858 nem
417 1795 542 1882 magnis
563 1791 714 1858 laudibus
733 1795 843 1872 effert,
863 1797 952 1860 velut
975 1797 1009 1859 in
1029 1797 1166 1862 Avibus:

544 1917 643 2002 ὥςπερ
663 1921 682 2001 ἡ
706 1913 838 2000 μέλιττα

546 2024 701 2125 Φρύιῗιχος
724 2040 900 2128 οἷμβροσίων

543 2159 661 2242 μελέων
686 2163 872 2248 ἀπεβόσκετο
896 2163 1037 2246 καρπόν,
1061 2163 1110 2226 oiri

547 2279 649 2364 φέρων
674 2279 822 2360 γλυκεῖαν
844 2277 929 2367 ’ᾠδήν
944 2279 1007 2367 (3).

320 2404 493 2489 Aeschylus
531 2424 608 2468 vero
644 2400 822 2490 Phrynichi
850 2403 980 2467 canticis
1022 2404 1101 2467 adeo
1127 2405 1266 2468 delecta·

319 2526 437 2600 hatur,
462 2537 499 2587 ut
521 2526 599 2589 haec
619 2523 682 2588 sibi
702 2526 742 2587 ad
763 2503 959 2589 imitandum
982 2523 1147 2606 proposita
1171 2523 1266 2588 fuisse

322 2647 389 2730 ipse
409 2658 543 2714 testetur
567 2643 655 2729 apud
681 2645 873 2710 Comioum:

388 2767 458 2832 ἀλλ’
482 2762 538 2833 οὖν
562 2767 621 2848 ἐγὼ
644 2769 702 2850 μὲν
726 2771 757 2842 ἐς
780 2769 815 2832 τὸ
839 2766 936 2833 καλὸν
961 2771 995 2832 ἐκ
1017 2772 1072 2832 τοῦ
1096 2766 1191 2832 καλοῦ

388 2865 522 2976 datysus
544 2889 632 2961 add'ss
656 2891 712 2954 tha
734 2893 776 2974 μὴ
799 2892 854 2956 τὸν
878 2890 974 2958 αὐτὸν
999 2891 1145 2976 Φρυνίχῳ

390 3013 527 3096 λειμῶνα
549 3015 693 3077 Μουσῶν
717 3012 797 3097 ἱερὸν
821 3013 955 3096 ὀφθείην
980 3011 1103 3096 δρέπων
1121 3009 1181 3097 (4).

360 3247 403 3317 (1)
422 3256 515 3306 Schol.
543 3256 683 3319 Aristoph.
709 3257 757 3306 Ar.
785 3270 821 3307 rs.
849 3255 912 3308 747.
949 3255 1024 3308 Cont.
1044 3254 1116 3307 idem
1136 3255 1171 3306 ad
1191 3253 1269 3317 vesp.

323 3366 358 3402 rs.
380 3351 444 3402 219.

361 3441 405 3510 (2)
423 3449 513 3498 Schol.
533 3449 578 3498 Ar.
599 3449 666 3498 llan.
688 3463 724 3496 rs.
747 3448 830 3500 1298.

360 3537 403 3606 (3)
424 3559 460 3595 aa.
482 3545 537 3595 74⁷
555 3558 614 3607 sqq.

358 3635 402 3704 (A)
422 3643 490 3692 Ran.
511 3657 547 3693 rs.
570 3641 662 3703 1298,
683 3645 763 3705 ωαψς
791 3656 862 3705 quae
892 3645 925 3693 ad
947 3643 1156 3693 Phoenissarum
1176 3642 1269 3692 imita-

323 3738 427 3789 tionem
446 3743 581 3802 spectant.
620 3739 737 3791 Glaucus
766 3744 874 3800 autem,
904 3740 933 3789 in
965 3741 1110 3803 hypothesi
1130 3741 1270 3793 Persarum

321 3837 465 3902 Aeschyli,
496 3839 569 3888 hanc
595 3839 715 3889 tabulam
746 3839 861 3889 affirmat
887 3840 922 3889 ad
949 3838 1159 3890 similitudinem
1187 3837 1272 3888 Phoe·

322 3933 457 3986 nissarirm
484 3935 632 3998 Phrynichi
662 3950 719 3986 esse
744 3935 924 3999 compositam
952 3927 1012 4000 „its
1042 3932 1097 3988 τῶν
1127 3933 1272 3986 Φοινισσῶν

318 4027 457 4097 Φρυνίχου
484 4031 553 4094 τοὺς
590 4015 702 4096 Hirsuta
724 4013 995 4100 supermittatur»
1024 4047 1113 4096 neque
1132 4033 1272 4096 improba·

319 4127 377 4178 bile
406 4131 467 4190 est,
498 4131 565 4190 quin
595 4131 669 4182 aliae
698 4131 846 4194 Phrynichi
876 4123 984 4184 tabulae
1005 4145 1027 4182 r.
1048 4146 1071 4181 c.
1092 4129 1176 4180 llileti
1197 4128 1273 4192 Erei-
