3016 5000
583 325 741 380 ..51-

193 526 231 592 iis
255 549 287 590 se
310 493 535 592 obsecuturam
558 545 622 590 esse
644 537 828 590 constanter
850 540 957 613 negat.
1004 526 1129 598 Chorus

140 639 145 648 ’
192 663 318 726 autem,
343 649 595 732 incertusquid
609 659 704 733 agat,
726 619 934 712 iii-diversas
956 649 1141 718 sententias

191 771 342 836 discedit:
366 791 440 854 pars
464 768 710 846 cambitione,
734 749 848 852 populi
870 771 955 855 jussa
972 775 1129 837 'metuen-

191 907 252 970 tes,
273 893 412 957 Eteoclis
429 894 528 954 funus
544 891 695 974 prosequi
717 904 882 971 statuunt3
909 915 1002 977 pars,
1020 897 1129 978 spreto

189 997 306 1098 populi
336 1014 464 1087 edictu,
501 1033 577 1076 cum
613 1011 778 1100 Antigone
795 1015 932 1080 'faciunt
968 1015 1063 1100 eique
1096 987 1128 1080 se

188 1131 374 1221 sepulturae
396 1135 494 1214 socias
519 1135 718 1220 comitesque
742 1109 925 1223 adjungunt
948 1139 1005 1225 (vs.
1026 1138 1139 1202 1041„

192 1253 306 1344 1065).

555 1386 747 1395 ›Qu-0.-

233 1519 406 1613 Aeschylos
449 1527 545 1611 ipsius
587 1531 772 1615 argumenti
808 1531 934 1596 ratione
971 1535 1128 1599 adductus

189 1672 252 1714 esse
296 1650 442 1724 ridetur,
479 1663 516 1713 ut
552 1652 585 1713 in
630 1651 692 1715 hac
736 1651 847 1717 fabula
883 1651 982 1718 Chori
1020 1669 1128 1738 partes

188 1769 388 1858 uirginibus
417 1771 577 1836 tribueret
593 1767 669 1859 (1).
700 1743 777 1860 sed&
790 1776 922 1839 caedem
945 1777 1127 1874 aptissimae

185 1893 285 1956 etiam
317 1905 428 1968 erant,
464 1914 547 1977 quac
582 1873 656 1956 tum
690 1869 821 1978 reliquis
858 1897 1017 1978 personis,
1053 1892 1128 1964 tuin

184 2015 375 2099 praesertim
412 2015 654 2100 protagouistae
700 1989 953 2100 apponerentur.
1011 2016 1126 2104 Quum

184 2132 276 2198 enim
292 2133 421 2199 ‘Eteocli
444 2134 607 2218 intrepido
632 2119 827 2218 trepidantes
848 2133 990 2224 uirgines
1010 2140 1125 2224 adjun-

127 2255 132 2264 '
180 2269 320 2342 gantur,
345 2276 382 2318 eo
398 2256 448 2330 fit,
466 2269 503 2318 ut
521 2257 616 2338 hujus
636 2277 743 2320 mores
764 2257 908 2322 celsiores
929 2273 1126 2343 appareant,

183 2378 272 2461 quod
305 2388 374 2440 tam
407 2383 523 2458 potitae
556 2377 638 2454 arti,
675 2398 777 2462 quam
805 2376 915 2444 'Chori
947 2360 1063 2446 officio
1078 2395 1124 2447 est

183 2509 445 2562 consentaneum.
493 2493 592 2561 Chori
619 2511 730 2586 autem
757 2512 865 2582 partes
900 2501 934 2564 in
958 2506 1124 2570 monendo
1182 2489 1185 2495 ⁵

181 2620 285 2706 magis
316 2639 417 2704 quam
451 2617 486 2682 in
523 2620 648 2706 agendo
684 2593 882 2685 cernuntur:
918 2645 1123 2710 quamquam

180 2731 241 2806 nee
252 2740 378 2805 actione
395 2753 482 2806 caret
500 2753 532 2804 et
549 2723 952 2827 ingenuum'liberumque
972 2745 1123 2811 animum

182 2865 265 2951 (tam
289 2863 323 2925 in
345 2861 455 2944 primo
472 2881 551 2928 cum
569 2883 645 2948 rege
669 2863 831 2947 colloquio
856 2885 958 2948 quam
972 2865 1009 2928 in
1032 2867 1132 2947 exitu·

12 2980 24 3058 f
77 3009 80 3016 ⁴
161 2989 163 2994 ’
183 2981 323 3071 fabulae)
337 2995 372 3047 re
395 2997 427 3046 et
444 2981 549 3046 verbis
567 2981 734 3047 ostendere
753 3003 821 3046 non
833 2982 971 3048 dubitat.
994 2985 1142 3061 Verum,

182 3105 338 3188 inpriore
356 3104 484 3171 fabulae
501 3077 594 3188 parte
613 3125 651 3168 ea
669 3106 738 3168 fere
752 3103 830 3192 agit,
845 3127 927 3190 quae
944 3103 1122 3192 Sophocles

180 3223 278 3290 simili
312 3227 346 3289 in
368 3199 411 3290 're
443 3202 717 3312 deuteragonistae
751 3228 955 3306 mandasset,
987 3230 1012 3294 si
1036 3205 1123 3296 certe

180 3357 332 3413 actorum
354 3359 460 3431 partes
494 3345 598 3431 probe
629 3347 795 3431 descripsit
817 3346 956 3413 Mueller
978 3351 1027 3418 his
1049 3373 1122 3418 ver-

182 3467 251 3548 bis:
298 3468 639 3556 ‚,Deuteragonista,”
671 3469 778 3554 inquit
812 3513 832 3544 ,‚
848 3471 886 3558 (si
921 3481 986 3536 tres
1019 3489 1123 3561 agunt

182 3595 319 3677 actores)
349 3589 465 3657 eorum
493 3602 601 3675 partes
637 3575 770 3667 tuctur,
804 3610 949 3674 quorum
972 3563 1122 3670 animus,

182 3732 386 3797 quamquam
418 3713 541 3806 facilius
568 3713 763 3800 graviusque
787 3727 1035 3792 commovetur,
1059 3714 1122 3779 mi·

182 3853 242 3897 nus
268 3845 377 3898 tamen
399 3834 490 3900 fortis
513 3847 544 3900 et
568 3837 650 3930 altus
675 3847 846 3920 est‘quam
870 3835 1120 3923 protagonistae.

221 4065 264 4140 (1)
283 4075 344 4129 vld.
361 4089 431 4131 ‘veru
452 4077 487 4130 10
505 4090 566 4140 suu.
676 4033 678 4040 Α
972 4145 1011 4201 4*
