2902 5004
528 299 699 419 ,⁰-23—

148 545 250 622 tatem
285 570 318 619 et
351 554 565 620 reverentiam
599 553 771 637 praecipit,
806 566 839 617 et
861 566 1030 618 strenuum
1059 578 1091 618 se

150 678 346 744 divinarum¹
366 680 486 765 legum
509 687 791 762 propugnatorem
815 687 973 756 praestat,
1009 697 1094 758 qua-

148 816 296 894 propter·¹
308 799 342 862 in
377 800 470 863 illum
507 817 640 881 quoque
675 793 872 870 conveniunt
907 816 1012 892 quae,
1037 791 1093 886 So-

146 923 328 1006 phocleam,
353 935 390 985 ut
415 887 729 995 videtur,'nor1nam
754 917 899 991 intuens,
924 918 963 979 de
984 889 1115 1018 (ὶὶιοτόΔ

146 1058 258 1110 monet
272 1043 423 1108 Horatius
445 1041 478 1104 in
501 1041 604 1124 Epist.
628 1042 669 1106 ad
692 1038 817 1103 Pisones
840 1059 922 1104 vers.
939 1039 1002 1102 196
1019 1059 1092 1122 sqq.

153 1266 261 1352 ‘tlte
294 1283 391 1348 honis
419 1282 610 1372 foveatque
645 1295 677 1348 et
700 1282 910 1372 consilietur
942 1271 1094 1358 anticlea

190 1419 223 1472 et
244 1417 347 1496 regat
364 1409 482 1471 iratos
502 1417 535 1470 ot
558 1418 650 1470 amet
663 1375 807 1490 peceare
831 1405 1012 1481 timentes3

192 1529 257 1593 tlte
279 1528 382 1614 dapes
402 1527 521 1593 laudet
544 1505 813 1600 mesenensem-s,
837 1526 902 1590 itte
914 1525 1089 1590 salubrem

179 1652 383 1738 justitiam,
409 1651 565 1740 legesque
584 1661 616 1714 et
636 1652 772 1735 opertis
793 1651 866 1713 otia
888 1650 1023 1734 portis3

186 1773 251 1836 itte
271 1784 365 1860 tepet
384 1765 587 1850 comacina}
611 1749 752 1859 deosque
772 1783 932 1857 precetur·
955 1783 986 1834 et
1007 1783 1089 1844 oret,

186 1906 226 1958 ut
245 1885 363 1956 redeat
382 1895 540 1969 laisaris,
564 1891 664 1956 abeat
676 1892 831 1978 fortuna
852 1891 1021 1976 superbis.
1033 1921 1042 1980 j

187 2133 434 2218 Qualiaou'nque
457 2146 568 2196 autem
591 2145 667 2197 sunt
681 2131 782 2198 Chori
806 2155 943 2197 munera
956 2170 995 2179 —
1012 2153 1092 2216 quo·

43 2300 47 2308 -
142 2225 217 2318 rum
254 2254 418 2318 diversitas
464 2275 525 2337 pro
562 2267 654 2337 parte
697 2255 795 2319 etiam
828 2277 848 2348 *e
883 2255 1088 2340 trilogiarnm

146 2389 261 2442 natura
296 2369 471 2470 repetenda
501 2387 548 2439 est
571 2411 615 2426 -ν
649 2359 753 2440 ubivis
788 2381 886 2458 po'e'ta
910 2389 978 2440 tam
1002 2389 1096 2458 arete

144 2489 291 2564 C'horum
315 2521 393 2565 cum
422 2511 620 2586 argumento
652 2487 783 2576 fabulae
815 2497 1030 2570 consociavit,
1055 2511 1092 2562 ut

138 2624 212 2706 jure
234 2641 293 2685 suo
315 2622 428 2686 locum
452 2620 485 2686 in
515 2617 609 2684 scena
630 2619 690 2684 sibi
714 2617 881 2685 vindicare
904 2633 936 2684 et
958 2619 1092 2684 actionis

141 2751 271 2825 partem
294 2763 457 2827 capessere
479 2743 657 2808 uideretur.

184 2865 262 2948 Ejus
301 2863 483 2948 prodeundi
518 2864 602 2929 ratio
637 2859 758 2946 duplex
792 2876 859 2926 est:
908 2876 964 2926 aut
998 2861 1087 2925 enim

140 2987 250 3067 paullo
272 2998 345 3068 post
368 2963 547 3049 exordium*
563 2983 847 3066 fabulae-prodit,
883 2996 940 3046 aut
963 2971 1088 3065 primus

142 3105 277 3170 omnino
301 3105 334 3167 in
355 3126 449 3170 scena
473 3106 563 3169 adest
591 3119 623 3168 et
647 3104 788 3188 reliquos
810 3103 980 3168 histriones
1004 3104 1090 3178 exci-

142 3227 202 3310 pit.
248 3225 446 3313 Plerumque
470 3225 580 3309 ampla
604 3225 727 3308 parodo
748 3237 951 3308 praesentem
975 3245 1088 3288 rerum

140 3362 262 3413 statum
297 3349 532 3432 spectatoribus
567 3340 727 3431 exponere
762 3349 860 3425 solet3
899 3346 958 3411 nisi
990 3347 1087 3431 ipsius

140 3449 247 3553 partes
278 3483 313 3535 et
345 3470 475 3536 fabulae
506 3471 590 3538 ratio
624 3470 668 3534 ita
697 3469 760 3533 sint
792 3483 1017 3551 comparatae,
1049 3484 1087 3534 ut

142 3588 233 3652 alteri
256 3590 318 3653 hoc
340 3563 543 3672 explicatoris
567 3607 688 3652 munus
719 3581 926 3652 subeundum
952 3589 1003 3652 sit.
1049 3587 1088 3651 In

141 3707 264 3772 Persis
291 3721 331 3798 'et
365 3707 592 3799 Suppliciter
616 3709 768 3786 Chorus,
803 3710 938 3795 antiquo
973 3699 1087 3787 more,

140 3817 269 3894 fabulae
292 3813 421 3895 initium
445 3833 524 3898 facit
546 3833 680 3916 ejusque
703 3844 936 3918 argumentum
951 3831 1088 3914 prolixo

138 3951 283 4016 carmine
306 3953 449 4034 exponit.
497 3954 536 4017 In
560 3952 816 4038 Eumenidibus
836 3954 934 4020 etiam
961 3951 1087 4018 Chorus

139 4096 157 4136 a
188 4072 351 4158 principio
382 4074 517 4160 quidem
550 4076 656 4152 adest,
687 4078 742 4141 sed
779 4076 938 4160 Apollinis
969 4077 1091 4141 artibus
