3016 5000
695 486 735 552 X.

286 639 327 705 ln
360 638 511 729 Aeschyli
539 638 795 707 Eumenida'bos
828 663 873 709 vs.
901 645 963 708 tto
995 645 1192 710 vocabulum

243 763 322 847 ὄναρ
356 763 442 825 male
477 761 711 847 interpretatus
733 776 781 828 est
808 761 966 838 Mueller,
989 777 1117 831 vertens
1140 769 1192 832 im

246 881 378 948 Ἰναυυν
389 904 536 980 eversus
557 883 665 969 potius
689 885 734 950 sic
756 885 966 970 explicandus
992 900 1056 952 est:

292 1019 370 1100 ὄναρ
392 1019 451 1103 γὰρ
476 1012 579 1106 [οὖσα]
604 1021 685 1103 ὑμᾶς
702 1026 761 1086 νῦν
780 1017 1046 1106 Κλυταιμνήστρα
1063 1019 1168 1100 καλῶ,

248 1171 308 1239 ego
342 1149 640 1238 Clytaemnestra,
674 1175 766 1218 nune
799 1155 923 1218 inanis
955 1157 1100 1241 speeies,
1134 1177 1192 1220 voa

239 1293 368 1338 νυυυυυ.

679 1393 738 1459 XI.

281 1546 321 1611 ln
351 1544 519 1631 Sophoclis
552 1545 683 1634 Oedipo
718 1543 809 1636 Rege
834 1547 1001 1614 immerito
1033 1546 1190 1620 Wunder

237 1669 496 1743 mlmfflm

370 1803 393 1864 o‘
412 1807 490 1866 πᾶσι
513 1797 636 1874 κλεινὸς
660 1799 812 1874 Οἰδίπους
834 1799 1033 1883 cainonense.

238 1903 272 1954 et
367 1975 532 2067 Πόλυβον,
555 1980 590 2053 ὃς
612 1978 741 2063 ἐξέφυσε
763 1977 943 2065 saltasset
965 2005 1013 2063 με.

236 2101 386 2166 delendos
409 2099 543 2164 censuit.

674 2251 751 2318 Xll.

280 2407 470 2495 Areopagus
490 2407 565 2492 jure
590 2405 749 2496 Aeschylo
771 2407 876 2472 dictus
898 2421 963 2472 est:

772 2595 818 2610 ·-·
841 2559 1060 2658 βουλαυτήριον

434 2680 577 2760 αι’δυῒον,
601 2681 783 2766 ὀξύθυμον,
808 2682 964 2752 εὑδόντων
985 2684 1064 2772 ὅπερ

435 2805 599 2889 iecorosis
622 2808 785 2888 φρούρημα
807 2810 874 2886 νῆν·

659 2952 755 3020 XIII.

278 3109 481 3176 Auctoritate
503 3106 643 3172 Platonis
663 3107 864 3184 abutuntur,
889 3105 947 3192 qui
969 3107 1087 3191 placita
1110 3108 1179 3193 ejus

233 3231 268 3296 in
290 3231 380 3296 libris
402 3228 443 3294 de
464 3226 655 3316 Republica
677 3231 805 3313 prolata
826 3229 985 3306 efferunt,
1018 3231 1059 3294 ad
1082 3251 1177 3298 com.

231 3353 425 3418 munionem
458 3350 624 3416 bonorum
641 3349 691 3424 ,in
722 3350 838 3415 nostris
868 3350 1055 3416 civitatibus
1082 3373 1178 3417 com-

231 3475 462 3540 mendandam.

659 3591 753 3660 XIV.

268 3745 535 3834 IniqueNiehuhr
546 3743 720 3811 lectionem
730 3743 983 3811 Horatianarum
991 3742 1174 3812 Satirarum

228 3873 331 3935 ullam
357 3868 529 3934 lectoribus
553 3867 666 3932 afferre
690 3867 865 3932 utilitatem
888 3881 1003 3955 negat,
1027 3868 1061 3932 in
1086 3864 1175 3938 Nie-

228 3991 434 4068 buhriam'e,
459 3989 731 4074 interpretationis
755 3989 922 4078 Belgicae,
945 4012 982 4075 p.
997 3991 1060 4056 152
1080 4011 1153 4076 sqq.
