2902 5004
530 351 688 412 ..37-

135 557 270 618 incestas
292 563 507 640 cognatorum
530 551 658 636 nuptias
681 550 857 636 fugientes,
880 549 993 618 Jovem
1012 553 1074 617 im·

136 679 265 758 plorant
280 689 312 739 et
329 673 494 762 refugium
514 672 556 737 ab
573 671 684 738 incolis
703 669 863 757 Argolidis
880 686 1071 755 precantur,

137 800 232 874 unde,
249 811 285 862 ut
306 799 418 883 ajunt,
440 817 498 861 sua
516 794 661 878 ipsarum
680 793 848 877 quondam
867 793 963 878 stirps
980 795 1076 882 origi-

136 941 210 984 nem
229 920 381 986 duxisset.
402 915 487 982 Nam
499 915 604 1000 patria
617 927 760 979 carentes
773 915 839 978 huc
856 915 933 978 illuc
952 928 1075 979 terrore

134 1041 320 1127 agitantur,
337 1007 488 1102 lusciniae
507 1037 616 1112 instar,
637 1056 720 1121 quae
739 1035 781 1099 ab
800 1035 952 1119 accipitre
968 1057 1075 1119 perse·

133 1176 255 1246 queute
271 1161 480 1244 propulsata,
498 1158 647 1222 flebiliter
664 1179 787 1232 novam
802 1159 911 1223 sedem
932 1160 1074 1256 quaerit:

225 1283 276 1346 ἅτ’
301 1281 363 1344 α’πό
388 1281 493 1366 χώρων
522 1285 672 1362 ποταμῶν
695 1280 723 1342 τ’
750 1277 928 1364 εἰργομὲνα,

223 1409 339 1468 πενθεῖ
358 1401 431 1468 νέον
454 1393 559 1467 οἶκτον
583 1399 699 1483 ἠθέων.
737 1401 795 1490 (νε.
816 1402 857 1466 61
884 1399 948 1488 sq.)

133 1521 259 1608 Quibus
292 1525 325 1586 in
360 1523 512 1607 precibus
545 1535 578 1586 et
602 1521 869 1588 obtestationibus
904 1523 960 1587 diu
984 1547 1073 1590 corn·

109 1655 305 1710 'morantur
328 1645 386 1735 (vs.
414 1642 542 1732 1-172).

173 1767 296 1831 Deinde
319 1770 494 1850 corupellat
527 1787 580 1831 eas
603 1765 759 1842 Drusus,
796 1768 854 1851 qui
888 1767 1071 1834 incolarum

129 1889 262 1954 turbam
282 1912 299 1952 e
321 1889 505 1973 longinquo
517 1887 742 1950 advenientem
758 1888 969 1972 conspicatus,
992 1890 1073 1954 filias

129 2013 172 2074 ad
185 2009 392 2094 prudentiam
416 2007 664 2089 verborumque
688 2007 881 2070 modestiam
904 2009 1072 2084 hortatur,

130 2097 163 2196 eb
177 2133 289 2194 locum
302 2177 313 2209 ‚
337 2149 404 2214 quo
426 2149 459 2192 se
482 2128 651 2191 conferant
674 2127 879 2211 hospitesque
902 2128 1073 2212 excipient,

131 2253 167 2316 iis
191 2251 321 2314 indicat.
367 2249 512 2313 Instante
546 2267 623 2310 vero
647 2247 808 2330 periculo,
844 2248 902 2312 ubi
925 2250 1005 2314 filias
1027 2252 1073 2315 vi-

129 2375 184 2438 det
205 2372 300 2436 auxia
322 2371 559 2455 exspectatione
581 2390 761 2452 suspensas,
785 2371 892 2434 denuo
918 2393 1071 2437 unacum

128 2495 201 2579 ipsis
234 2497 360 2558 salvum
395 2513 508 2556 rerum
545 2491 668 2554 exitum
701 2513 720 2556 a
751 2488 810 2554 diis
832 2506 986 2574 precatur
1011 2495 1070 2584 (va.

129 2613 305 2702 wazso).

171 2738 258 2801 Tum
283 2736 449 2800 ordinere
473 2737 632 2800 collocant
666 2748 698 2799 et
726 2735 783 2798 uni
808 2735 1007 2815 incolarum,
1031 2741 1070 2804 de

125 2862 270 2945 ipsarum
294 2858 399 2942 patria
422 2871 453 2921 et
478 2858 608 2922 consilio
632 2878 699 2941 quo
721 2858 869 2921 venerint
888 2861 1070 2938 sciscitanti,

127 3004 145 3046 e
169 2982 267 3064 patris
290 2979 423 3043 monitis
440 2981 618 3061 prudenter
641 2981 854 3061 respondent:
878 2981 964 3044 haud
982 2983 1070 3064 prius

128 3101 218 3165 enim
253 3102 321 3184 ejus
356 3099 667 3185 interrogationibus
700 3099 922 3178 satisfaciunt,
968 3124 1069 3188 quam

128 3222 289 3302 hospitem
319 3219 485 3285 Pscsscnu
520 3241 603 3299 esse,
633 3221 831 3308 Argivorum
857 3244 989 3310 regem,
1007 3248 1070 3290 au-

128 3344 267 3410 diverint
296 3343 355 3433 (vs.
382 3337 558 3427 ars-245).
590 3340 704 3428 Itaque
725 3341 852 3408 oblatae
873 3345 933 3408 sibi
956 3369 1068 3434 regem

129 3466 280 3550 precandi
316 3462 497 3542 occasioni,
534 3463 722 3547 praesertim
759 3486 864 3549 quum
892 3466 959 3550 ipse
981 3468 1068 3536 bono

128 3607 179 3652 eas
201 3587 310 3651 animo
331 3607 396 3650 esse
427 3585 560 3670 jubeat,
595 3586 789 3670 neutiquam
812 3589 917 3654 deesse
940 3595 1067 3658 volunt.

127 3708 275 3773 Primum
297 3731 389 3774 suam
408 3729 484 3772 curn
508 3721 604 3794 gente
617 3708 739 3795 Argiva
762 3711 988 3795 cognationem
1014 3714 1070 3776 fu.

114 3811 253 3918 ‘gaeque
275 3852 417 3896 caussam
454 3834 523 3894 fuse
558 3833 718 3914 planeque
753 3829 883 3918 Pelasgo
907 3833 1068 3914 explicant

128 3957 185 4040 (vs.
200 3947 380 4036 271-342);
405 3951 520 4016 deinde
544 3951 701 4015 auxilium
729 3950 788 4014 sibi
813 3951 1068 4039 perfugiumque

127 4077 159 4140 in
179 4075 335 4161 Argolide
357 4073 495 4158 supplici
521 4071 666 4138 carmine
691 4070 731 4136 ab
755 4092 793 4138 eo
817 4087 964 4155 poscunt.
1011 4075 1069 4141 Ille
