3016 5000
608 329 768 399 ...δεμ

257 543 408 608 Prodiens
432 541 581 619 Pittaco,
608 543 714 626 patria
736 555 823 607 terra
846 543 968 628 diisque
992 549 1150 628 salutatis,

213 665 465 756 Agamemnonis
487 667 664 730 adventurn
684 661 794 727 Choro
816 665 996 743 annuntiat,
1022 665 1175 754 ejusque'

210 789 447 866 sollicitudines,
472 808 550 870 quas
570 787 610 849 de
634 784 765 848 absente
785 805 861 870 rege
882 781 1062 863 habuisset,
1081 811 1155 854 nar·

209 923 280 974 rato
303 911 387 974 felici
412 929 525 972 rerum
559 927 703 970 successu
724 907 858 971 solatur.
904 905 1030 991 Quibus
1055 911 1174 974 ratio--

208 1029 302 1093 nibus
326 1031 429 1092 victus
450 1027 582 1090 tandem
615 1024 742 1090 Chorus
768 1026 916 1110 primum
946 1025 1152 1114 Clytaemne-

121 1181 124 1188 .
206 1163 319 1224 stram,
341 1150 375 1211 iu
392 1147 545 1211 interiore
563 1169 675 1212 scenae
694 1161 786 1231 parte
807 1161 1000 1228 versantem,
1025 1152 1153 1230 invitat

208 1283 246 1334 ut
269 1268 404 1352 propius
424 1267 553 1332 veniens
576 1270 699 1332 laetum
717 1270 875 1332 nuntium.
892 1272 1038 1355 accipiat,
1061 1289 1150 1355 tum,

210 1391 262 1454 illa
287 1412 396 1484 rursus
419 1391 575 1476 digressa,
601 1411 801 1472 praeconem
818 1397 858 1456 de
883 1390 1019 1458 Menelai
1044 1397 1150 1480 reditu

210 1513 403 1597 interrogat,
429 1532 528 1595 quem
553 1524 725 1596 postquam
750 1513 891 1588 audivit,
912 1514 1153 1583 navibus-nau·

209 1634 312 1720 fragio
345 1631 500 1716 disjectis,
536 1634 651 1714 procul
685 1632 847 1697 evanuisse
859 1679 873 1726 ,Δ
903 1631 1030 1700 Chorus
1066 1659 1151 1703 novo

206 1753 351 1818 carmine
386 1752 563 1828 Helenam,
598 1751 736 1817 Menelai
773 1773 928 1831 uxorem,
967 1734 1156 1824 communiav

206 1876 283 1940 rnali
307 1887 475 1940 auctorem
499 1873 663 1939 celebrare
686 1875 885 1960 aggreditur.

248 1995 351 2060 Nimis
377 2016 534 2071 eruero,
558 1994 685 2079 inquit,
708 2015 828 2058 nomen
855 1995 900 2058 illi
924 1992 1070 2060 Helenae
1097 1998 1149 2085 (ut

205 2141 244 2182 ex
277 2117 359 2184 ἑλεῖν
383 2130 415 2181 et
438 2114 526 2204 rade)
559 2118 671 2210 datum
698 2129 762 2194 est,
797 2137 880 2200 quae
906 2117 1077 2181 manifesto
1100 2131 1148 2182 tot

144 2224 148 2228 ⁵
204 2239 340 2303 navium
352 2287 362 2318 ,
389 2238 536 2302 virorum
556 2237 755 2321 urbiumque
779 2239 1020 2320 perdendarum
1041 2259 1156 2306 caussa.

201 2359 334 2424 exstitit.
367 2357 449 2423 Nam
472 2359 714 2440 pulchritudine
737 2361 863 2423 formae
884 2375 1080 2444 ornatusque
1100 2362 1149 2422 in·

202 2481 317 2568 signis,
350 2479 407 2542 ubi
430 2500 584 2563 prospero
613 2479 748 2543 Favonii
782 2476 863 2544 flatu
893 2481 1049 2544 maritum
1073 2483 1147 2546 reli·

200 2603 282 2688 quit,
295 2602 430 2666 navium
444 2615 633 2666 ornatarum
648 2606 744 2665 classe
757 2603 797 2665 ad
814 2603 983 2674 ,frondosas
996 2601 1145 2667 Simoe'n·

120 2779 125 2788 .
200 2725 239 2788 tis
264 2723 348 2806 ripas
370 2722 510 2805 expetita
531 2735 588 2786 est.
635 2720 757 2804 Sponsa
781 2722 881 2786 Ilium
900 2723 1006 2798 venit,
1028 2723 1145 2788 violata

199 2827 327 2930 hospitii
347 2844 536 2920 sanctitate3
557 2847 611 2908 sed
631 2843 680 2908 ira
703 2845 889 2907 coelestium
911 2847 1009 2907 laetos
1028 2866 1146 2925 pareu-

200 2980 272 3032 tum
281 2971 486 3054 hymenaeos,
498 2987 569 3029 sero
578 2966 723 3049 quidem,
732 2967 784 3028 sed
797 2965 940 3050 graviter
952 2967 1020 3028 ulta
1030 2976 1076 3028 est
1085 2965 1096 3050 (
1102 2961 1142 3050 1);

690 3084 850 3170 τραπέζας

422 3209 572 3290 ἀτίμωσιν
596 3205 715 3292 ὑστέρῳ
744 3213 845 3292 χρόνῳ

235 3412 279 3484 (1)
300 3419 405 3482 Belgica
424 3419 463 3469 ita
484 3417 638 3482 exprimere
657 3418 778 3469 tentavi:

382 3515 558 3567 'tSchenden
579 3529 630 3564 ran
650 3515 703 3565 den
724 3515 814 3577 gullen
834 3514 912 3567 dlsch

385 3612 424 3663 En
446 3625 497 3661 tan
516 3609 584 3662 Zeus
608 3612 712 3662 altaren

389 3710 542 3768 Wrekend,
565 3723 600 3758 na
620 3722 669 3758 een
691 3711 770 3758 reeta
785 3721 840 3758 ⁴ran
859 3709 955 3771 jarer,
1056 3743 1060 3752 .

385 3809 443 3858 han
463 3806 498 3856 de
517 3818 630 3868 tangere
649 3803 695 3856 die
715 3818 779 3855 cena
796 3804 855 3855 luld

386 3893 517 3954 'tLotlied
538 3903 647 3953 haddon
669 3902 861 3966 congenerem

383 3999 609 4064 'ttloogtljdslied
629 4001 679 4049 der
699 3999 804 4051 trienne
824 3999 987 4063 maagscbap

383 4097 577 4162 'reegerongen
599 4110 651 4148 aan
672 4097 707 4147 de
727 4096 818 4149 bruld.
