2902 5004
583 431 723 485 -3-

190 631 306 718 quibus
340 629 581 698 difficultatibus
610 651 722 694 recens
745 629 894 716 Aeschyli
918 632 1067 696 tractatio
1086 635 1132 697 le·

190 801 313 852 ctorem
345 798 490 872 premat;
526 783 717 868 praesertim
747 803 853 869 quum
878 785 918 847 ad
942 783 1130 849 fabularum

188 941 371 1024 οἰκονομίαν
398 951 432 1003 et
458 935 559 1002 Chori
580 936 740 1001 rationem
761 937 1019 1020 perspiciendam
1042 917 1131 1002 nulla

189 1097 258 1158 fere
282 1095 472 1177 adjumenta
501 1089 678 1155 haberem:
711 1111 789 1154 nam
817 1089 911 1168 libri,
934 1107 1014 1183 quos
1037 1104 1133 1155 antea·

189 1245 335 1313 consului
369 1245 444 1332 (leci
475 1255 585 1309 eutem
620 1243 762 1307 maxime
796 1245 837 1307 ad
859 1241 1055 1326 Sophoclem
1079 1265 1132 1309 re-

191 1395 339 1482 spiciens)
372 1410 406 1461 et
435 1397 665 1480 disputationes
692 1398 732 1460 de
763 1393 893 1472 Choro,
926 1399 1035 1481 quales
1056 1411 1135 1462 sunt

194 1547 322 1634 llgeni‚‘
341 1546 509 1624 Kabathii‚
533 1545 734 1624 Welluueri‚
757 1544 981 1624 Witzschelii,
1006 1545 1136 1612 Sehrei.

190 1699 273 1774 teri,
297 1699 455 1765 Klanderi
478 1703 519 1766 al.
545 1700 598 1765 vix
622 1712 678 1764 aut
700 1721 742 1765 ne
763 1701 816 1764 vix
839 1701 975 1786 quidem
990 1702 1132 1788 Aeschy-

190 1853 262 1914 lum
284 1864 434 1939 tangunt.
506 1937 508 1944 y

233 2001 401 2088 Quidquid
413 2017 470 2080 est,
493 2023 531 2067 eo
542 2006 675 2068 tandem
699 2024 916 2086 processeram
930 2017 969 2069 ut
981 2003 1130 2091 Aeschyli

190 2166 312 2237 septem
345 2154 469 2219 fabulas
497 2156 569 2239 jam
600 2154 823 2234 absolvissem
844 2157 877 2220 in
900 2157 1018 2243 quibus
1037 2179 1130 2224 enar·

189 2307 314 2382 randis,
348 2328 552 2392 quamquam
586 2328 716 2373 summa
750 2307 907 2375 brevitate
934 2329 1025 2374 erem
1058 2275 1131 2374 ver·

190 2473 296 2540 setus,
332 2462 420 2525 haud
453 2481 571 2544 paucas
601 2474 712 2526 temen
745 2459 878 2548 paginas
909 2481 1131 2529 exaraveram.

101 2687 103 2694 ¹
190 2613 368 2700 Quocirca,
402 2614 427 2678 si
462 2617 576 2679 eadem
611 2612 663 2679 vie
697 2623 822 2680 caetera
855 2628 995 2682 tractare
1014 2635 1129 2704 perge-

188 2787 261 2832 rem
283 2807 324 2819 -
346 2765 487 2831 restabat
507 2775 618 2830 autem
641 2787 714 2850 pars
734 2766 840 2850 operis
856 2769 954 2855 longe
970 2769 1076 2852 major
1090 2807 1132 2819 -

190 2921 362 3006 disputatio
392 2889 468 2986 mea
500 2932 533 2984 et
556 2921 702 2985 multum
727 2921 883 3004 temporis
907 2931 1075 3002 posceret,
1099 2931 1132 2982 et

190 3076 324 3138 tandem
342 3073 515 3156 aliquando
538 3071 684 3136 absoluta
707 3071 920 3136 Academicus
943 3067 1133 3154 disputatio·

191 3223 241 3287 nis
277 3222 434 3287 terminos
460 3224 605 3288 multum
631 3224 812 3289 excederet.
853 3177 1021 3288 ¹Neutrum
1049 3224 1132 3289 mihi

165 3353 406 3442 'commodum
435 3377 608 3442 arbitratus
644 3397 789 3442 caussam
823 3377 864 3440 ad
903 3371 1133 3442 Promotoram

190 3531 306 3607 retuli,
352 3530 429 3616 qui,
475 3529 649 3614 scriptione
688 3531 792 3609 lecta,
832 3529 905 3594 satis
938 3550 993 3594 me
1027 3532 1133 3595 factu·

192 3702 269 3746 rum
303 3682 385 3746 mihi
407 3682 620 3769 significavit,
648 3683 673 3748 si
699 3682 796 3747 unius
823 3681 972 3769 Aeschyli
1006 3682 1134 3748 fabulas
1161 3711 1166 3722 ·

192 3848 405 3901 retractarem
447 3849 480 3900 et
519 3857 602 3921 quae
637 3837 677 3901 de
720 3837 857 3900 harum'
876 3833 1133 3918 compositione,

193 3986 294 4054 Chori
326 3989 516 4072 praesertim
538 3989 662 4056 ratione
687 3989 817 4067 habita,
841 3988 1057 4054 elucubratus
1088 4009 1135 4053 es·

190 4163 277 4219 sem,
324 4145 435 4227 paullo
468 4141 611 4210 limatius
641 4154 674 4208 et
705 4143 892 4228 explicatius
925 4159 1134 4225 exponerem.

1014 4269 1047 4323 1*
