3016 5000
607 347 766 402 -tl-
935 399 943 414 ,

218 557 340 622 assiduo
364 551 491 637 aquilae
514 569 647 623 morsu,
676 549 762 630 jecus
785 546 970 620 lacerantis,
995 547 1157 612 excrucia-

218 693 291 742 tum
325 675 376 739 iri.
434 671 525 757 Quae
559 690 665 754 quum
699 668 752 730 ille
786 687 851 730 non
884 667 990 730 minus
1024 670 1161 752 superbe

219 820 317 884 quam
345 809 471 861 caetera
495 791 670 874 despiciat,
707 791 748 852 ad
773 785 950 856 Oceanides
973 812 1005 854 se
1030 811 1163 856 conver-

216 919 256 982 tit
287 917 487 989 Mercurius,
511 913 674 978 discedere
698 932 748 975 eas
781 931 916 974 monens
948 911 1161 996 priusquam

217 1039 357 1103 fulmina
392 1034 573 1100 Caucasum
608 1033 735 1098 feriant.
785 1030 847 1098 Cui
869 1048 979 1097 tamen
1007 1033 1160 1110 consiliu,

220 1172 335 1225 contra
347 1169 445 1240 atque
457 1155 510 1218 ille
523 1167 706 1238 putaverat,
720 1177 775 1218 eae
787 1175 853 1219 non
872 1169 1003 1238 parent:
1024 1155 1165 1220 instante

219 1281 309 1345 enim
341 1277 484 1360 periculo
506 1279 595 1340 nefas
621 1297 684 1340 esse
709 1277 853 1341 deserere
877 1279 1053 1355 miserum,
1078 1278 1165 1342 ideo·

223 1421 287 1484 que
309 1411 456 1462 extrema
478 1397 584 1461 subire
614 1411 646 1460 et
670 1396 863 1462 Prometheo
884 1401 990 1464 adesse
1016 1412 1164 1464 statuunt

226 1519 282 1608 (vs.
305 1517 521 1602 1065-1072).
538 1553 577 1566 -·
602 1515 834 1604 Ingruentibus
861 1520 1033 1584 tonitribus
1055 1521 1165 1584 sabula

227 1641 350 1706 finitur.

265 1931 363 2018 Quod
385 1936 426 1998 ad
443 1933 592 1999 Chorum
617 1935 748 2010 attinet,
773 1951 809 1998 ut
834 1937 867 1998 in
887 1937 1051 2021 tragoedia
1075 1933 1167 2023 Sept.

222 2067 343 2120 eontra
356 2054 455 2120 Theb.
475 2053 782 2133 animadvertimus,
805 2056 848 2120 ita
861 2057 913 2120 hic
927 2077 1057 2140 quoque
1069 2077 1169 2148 agno·

221 2198 369 2252 scamus,
394 2197 470 2240 eum
494 2175 656 2258 aptissime
679 2198 697 2240 a
727 2181 824 2258 poe'ta
853 2199 916 2241 esse
943 2156 1177 2240 constitutums

223 2295 307 2360 Nam
329 2319 434 2382 neque
460 2299 598 2361 deorum
621 2319 727 2382 neque
748 2298 920 2361 hominurn
945 2297 1052 2363 Choro
1081 2320 1170 2362 com-

224 2419 338 2480 modns
365 2417 417 2480 hie
441 2417 551 2481 fuisset
585 2420 694 2494 locus,
726 2441 832 2502 neque
856 2413 1169 2494 Cabiros‚⁶Vulrani

224 2541 381 2614 minutos,
408 2539 464 2621 qui
491 2539 549 2602 soli
568 2553 776 2622 supererant,
802 2543 989 2605 ostendente
1012 2542 1170 2610 Weloke-

225 2682 261 2722 ro
287 2657 355 2748 (l),
393 2665 487 2741 poe'ta
534 2661 688 2724 adhibere
726 2675 899 2744 potuerat,
945 2663 1067 2746 quippe
1113 2664 1171 2748 qui

226 2781 418 2845 Prometheo
443 2781 575 2845 tuissent
598 2783 772 2866 iniquiores
788 2779 848 2870 (2).
886 2781 1089 2847 Oceanidum
1113 2805 1172 2846 au·

225 2919 292 2966 tern
317 2898 457 2971 munus.
495 2925 698 2986 quamquam
725 2901 940 2965 ,Thebaidum
964 2903 1112 2984 partibus
1137 2903 1170 2965 in

225 3025 336 3088 sabula
364 3020 455 3110 Sept.
480 3035 599 3086 eontra
615 3023 723 3086 ¹Tlteb.
748 3024 836 3084 haud
860 3022 1031 3097 dissimile,
1064 3023 1172 3087 minus

224 3150 288 3211 late
314 3151 423 3210 tamen
448 3157 535 3228 patet
559 3161 590 3207 et
614 3145 707 3206 aliter
742 3157 787 3206 est
816 3143 1025 3224 descriptum.
1075 3141 1172 3210 Utro-

227 3290 290 3352 que
314 3269 448 3352 quidem
472 3270 543 3330 loco
576 3267 757 3330 choreutae
780 3267 878 3328 talem
903 3278 1039 3328 tuentur
1062 3285 1172 3347 perso-

225 3411 324 3463 nam,
361 3409 444 3473 quae
476 3387 732 3474 protagonistae‚
769 3387 820 3450 cui
845 3389 973 3462 favent,
998 3387 1171 3474 magnani·
1274 3459 1276 3464 ¹

119 3529 122 3538 ’
227 3509 376 3572 mitatem
399 3531 456 3573 sua
488 3530 621 3572 morum
656 3508 787 3572 lenitate
820 3509 1069 3572 eminentiorem
1094 3510 1173 3572 red-

227 3631 296 3706 dat3
321 3633 375 3718 sed
400 3650 461 3711 pro
482 3627 668 3715 argumenti
686 3628 874 3693 discrimine
887 3633 1054 3713 utriusque
1069 3627 1172 3693 Chori

228 3765 333 3832 partes
356 3765 431 3814 sunt
466 3749 619 3814 diversae.
671 3747 709 3812 In
732 3747 825 3836 Sept.
850 3772 877 3813 e.
905 3749 966 3814 Ta.
990 3749 1084 3812 scena
1105 3770 1172 3811 sae-

265 4008 309 4078 (1)
329 4015 415 4067 Ueber
436 4017 481 4067 die
500 4017 622 4078 Aeschyt.
642 4015 707 4068 Trit.
727 4016 814 4069 Prom.
834 4032 862 4080 p.
883 4017 937 4081 13,
956 4015 1003 4066 26.

265 4107 308 4176 (2)
328 4113 413 4178 Quam
434 4127 491 4164 rem
512 4113 602 4176 tangit
621 4111 705 4163 etiarn
724 4111 895 4174 Uytenbroek
918 4112 946 4162 in
969 4111 1031 4162 dise.
1050 4111 1066 4162 1.
1086 4125 1112 4174 p.
1125 4111 1171 4162 11.
