2902 5004
538 362 695 417 ...33-

149 565 239 650 regis.
266 561 438 628 familiares
474 561 566 626 fuisse
590 561 672 623 mihi
695 560 865 632 videntur,
891 560 1022 644 quiebi
1047 561 1088 625 ad

151 682 309 758 actionem
345 683 473 768 fabulae
502 680 618 766 ceteris
652 679 790 761 aptiores
824 678 891 742 imo
919 681 1084 745 necessarii

151 816 261 868 essent.
288 803 393 864 -Illud
416 811 502 864 certe
524 798 616 862 nihili
637 812 701 874 cst,
725 800 815 884 quod
835 801 875 863 de
899 822 1006 865 caussa
1029 823 1087 866 cur

106 909 108 914 ’
150 941 288 984 seneca
322 923 418 1002 poeta
445 917 520 981 lecti
544 917 607 980 sint
638 916 755 982 alicubi
780 917 937 1004 legimus,
958 941 1087 1004 nempe

150 1063 267 1118 „senes
285 1041 373 1114 illos,
397 1039 453 1122 qui
475 1060 550 1104 cum
569 1039 707 1122 imperio
723 1039 816 1104 fuisse
830 1041 990 1122 videntur,
1006 1011 1088 1109 solos

150 1164 245 1256 fuisse
279 1181 422 1244 quornm
454 1147 617 1224 inteiesset
652 1182 791 1247 regnum
823 1161 1008 1249 Persarum
1027 1168 1090 1229 sal·

150 1307 230 1348 vum
259 1305 324 1348 esse
355 1295 387 1345 et
409 1283 615 1366 integrum’':
645 1315 685 1324 —
716 1283 876 1368 siquidem
911 1285 1090 1371 virginibus

149 1425 218 1468 non
241 1403 345 1470 levior¹
375 1423 451 1466 cura
482 1415 549 1465 erat
578 1403 680 1466 clades
699 1404 859 1487 juvenum
884 1427 983 1489 quam
1007 1409 1088 1470 seni-

151 1526 221 1590 bus.
268 1507 381 1588 Potius'
405 1544 520 1588 eorum
553 1538 657 1606 partes
688 1545 726 1588 er
760 1527 944 1612 argumenti
972 1542 1090 1593 natura

149 1648 349 1728 repetendae,
373 1645 495 1730 quippe
518 1647 575 1730 qui
592 1659 624 1710 et
638 1645 684 1710 re'i
696 1649 854 1733 gerendae
868 1670 958 1732 pares
973 1666 1087 1726 essent,

147 1779 179 1830 et
213 1771 283 1832 loco
310 1789 450 1852 queres
484 1767 591 1853 agitur
626 1782 724 1852 atque
747 1770 890 1852 personis
919 1773 1109 1857 agentibus·

145 1890 201 1954 soli
234 1889 454 1954 convenirent.
502 1888 554 1950 Illi
588 1889 675 1952 enim
704 1889 747 1951 ob
782 1889 1091 1976 singularemque

146 2011 235 2092 apud
272 2012 464 2072 defunctum
496 2029 608 2094 regem
640 2008 807 2085 valebant,
839 2012 978 2096 gratiam
1002 2015 1091 2078 hunc

148 2151 291 2194 exorare-
305 2129 428 2218 optime
452 2141 621 2212 poterant;
647 2121 856 2215 eosdemque,
879 2133 1092 2198 sollicitudine

149 2227 348 2328 commotos,
381 2253 423 2314 ad
451 2253 618 2314 tumulum
654 2252 780 2328 adesse,
802 2233 853 2316 ¹ut
887 2253 1090 2332 a'Manibus

147 2373 235 2437 Darii
248 2389 345 2458 opem
358 2386 502 2452 orarent,
526 2373 667 2436 maxime
680 2386 928 2452 consentaneum
943 2389 1011 2440 erat
1021 2378 1034 2464 (
1040 2375 1088 2464 l);

146 2495 285 2580 denique
315 2494 348 2558 bi
383 2497 513 2558 Atossae
544 2505 577 2556 et
608 2492 709 2557 Xerxi
743 2495 894 2560 omnium
929 2497 1089 2580 aptissime

145 2616 422 2703 adjungebantur,
437 2616 514 2701 quia
526 2614 657 2700 utrique
669 2616 791 2698 pariter
802 2630 894 2682 erant
906 2620 1086 2702 conjuncti:

144 2761 288 2825 namque
307 2752 339 2804 et
351 2739 497 2826 reginam
509 2737 639 2805 consitio
653 2751 685 2803 et
701 2759 736 2802 re
745 2739 860 2823 juvare
870 2741 1017 2806 solebant
1029 2741 1087 2830 (vs.

147 2864 209 2927 166
227 2884 299 2956 sqq.
324 2883 367 2928 vs.
383 2857 473 2948 519),
498 2875 530 2928 et
553 2861 635 2947 regis
659 2862 847 2936 adventum,
863 2839 999 2926 'eosdem
1012 2874 1088 2926 tan-

143 3007 245 3070 quam
276 2984 368 3068 reqni
390 2997 422 3046 et
445 2985 535 3046 aulae
569 2995 795 3064 procuratores
819 2983 1005 3065 praestolari
1029 2985 1089 3046 ad.

146 3105 285 3167 modum
319 3101 463 3166 decebat.
516 3098 677 3186 Quocirca
711 3104 920 3186 praecipuam
956 3105 1088 3170 actionis

130 3235 275 3306 ¹partem
301 3219 411 3287 Choro
434 3221 581 3286 mandari
605 3225 699 3306 plane
735 3237 984 3289 consentaneum
1009 3239 1088 3294 erat.

148 3344 187 3410 In
223 3348 344 3429 paredo
379 3345 478 3432 igitur
510 3325 733 3408 anteactorum
769 3329 965 3411 memoriam
991 3351 1090 3432 repli-

138 3487 243 3546 cans,
274 3445 370 3531 ‘simui
401 3465 656 3532 dubitationibus
690 3468 890 3550 proferendis
914 3491 1090 3557 argumen-

147 3601 220 3652 tum
256 3589 382 3654 fabulae
415 3602 586 3672 praeparat
606 3586 673 3676 (2);
700 3590 828 3652 Atossae
863 3603 899 3655 ut
934 3594 975 3656 ad
998 3613 1089 3658 aver-

181 3803 225 3873 (1)
244 3811 320 3862 cont.
349 3811 499 3864 schneider
524 3811 629 3865 lotrod.
656 3827 684 3876 p.
710 3812 788 3877 v111‚
816 3816 843 3864 et
870 3813 899 3864 in
924 3813 1024 3864 Annot.
1052 3812 1089 3864 ad

146 3923 183 3960 rr.
203 3908 266 3960 146.
336 3918 338 3922 '
802 3933 805 3942 ν

100 4011 102 4022 “
182 3997 227 4068 (2)
246 3993 399 4056 Mirandum
437 4017 502 4055 sane
537 4007 611 4068 quod
649 4006 723 4070 Itgen
759 4006 788 4057 in
828 4003 1018 4068 disputatione
1055 4007 1090 4059 de

143 4104 233 4157 choro
253 4107 323 4168 trag.
343 4115 432 4168 graec.
451 4093 561 4168 (Opusc.
580 4117 636 4156 rar.
655 4103 751 4168 philol.
770 4101 799 4155 Τ.
820 4102 852 4166 1,
872 4115 898 4164 p.
918 4096 967 4166 65)
989 4080 1038 4154 ubi
1058 4104 1092 4154 de

971 4201 987 4250 3
