3016 5000
753 287 911 340 ..90.„

357 491 463 579 mythi
485 489 568 553 ratio
591 511 609 551 a
634 487 743 552 Choro
767 488 918 569 postulat.
965 482 1039 548 Scil.
1061 481 1168 548 Oresti
1191 497 1298 567 pater·

356 635 416 676 nae
451 611 552 676 caedis
579 609 735 674 ultionem
760 607 889 692 paranti
920 627 999 688 opus
1031 617 1077 670 est
1110 605 1199 670 sociis
1226 595 1297 690 qui-

355 733 514 808 busdam,
549 731 605 816 qni
636 749 759 812 poenae
779 729 953 792 sumendae
978 726 1133 790 desiderio
1158 727 1299 820 flagran-

355 868 424 930 tes,
457 854 523 937 ejus
553 853 727 938 exigendae
755 851 842 914 riam
867 849 926 932 ipsi
951 849 1123 925 muniant,
1154 869 1299 934 quorum

281 1013 287 1030 ι
354 975 484 1038 monitis
513 957 638 1038 insidias
672 995 742 1037 suas
770 973 949 1055 prudenter
981 971 1138 1049 instruat,
1177 971 1300 1056 quique

353 1096 486 1178 ipsum,
508 1094 632 1178 quoties
655 1094 805 1158 animum
831 1093 1045 1175 despondeat,
1064 1091 1300 1156 exhortationi·

354 1217 414 1281 bus
436 1217 498 1281 suis
522 1219 563 1281 ad
587 1217 751 1302 agendum
786 1215 936 1280 excitent.
982 1211 1052 1278 Hoc
1077 1213 1196 1298 triplici
1225 1235 1300 1276 mu·

355 1360 433 1402 nere
467 1338 540 1403 vide
575 1359 676 1422 quam
710 1337 771 1401 rite
803 1339 1000 1423 fungantur.
1053 1335 1115 1400 Pro
1150 1323 1299 1417 precibus

354 1459 473 1545 quibus
502 1457 624 1542 placari
648 1457 747 1542 possit
776 1455 922 1529 Manium
960 1458 1028 1533 ira,
1053 1459 1228 1540 proferunt
1263 1477 1301 1520 ca

355 1603 439 1665 quae
467 1583 551 1644 hanc
574 1580 657 1644 iram
681 1579 783 1664 magis
809 1577 950 1644 excitent
972 1613 1017 1627 -
1051 1578 1300 1662 descriptionem

353 1700 557 1804 miserrimae
581 1700 711 1764 aedium
735 1700 936 1765 conditionis.
983 1700 1188 1784 Itaqueiam
1209 1723 1300 1766 nunc

352 1821 385 1883 id
411 1823 498 1905 quod
522 1842 585 1904 pro
602 1824 704 1886 salute
728 1843 785 1886 sua
805 1821 944 1885 instituit
968 1819 1243 1910 Clytaemnestra,
1265 1824 1299 1886 in

353 1943 420 2025 ejus
446 1943 606 2006 damnum
631 1963 764 2030 vergere
787 1939 976 2028 incipitil).

395 2061 520 2126 Deinde
556 2063 726 2127 consilium
758 2063 968 2146 suppeditant
1009 2064 1137 2130 inferias
1183 2067 1298 2130 matris

353 2185 491 2248 nomine·
517 2185 627 2248 missas
660 2206 721 2266 pro
747 2185 854 2248 fratris
880 2187 986 2248 fausto
1017 2185 1124 2248 reditu
1158 2189 1299 2250 offeren.

352 2307 385 2369 di
401 2303 461 2393 (2).
507 2303 632 2388 Quibus
653 2305 773 2369 inferiis
791 2326 897 2390 quum
914 2306 1087 2370 auctoritas
1105 2308 1294 2373 restituatur

354 2425 615 2512 Agamemnoni,
654 2439 727 2490 tum
759 2427 911 2510 precibus
944 2427 1093 2511 Electrae⁴
1123 2443 1156 2494 et
1193 2428 1300 2495 Chori

352 2568 487 2631 prosper
509 2547 556 2612 rei
581 2569 740 2612 successus
765 2549 838 2612 satis
863 2561 1088 2634 praeparatur.

354 2689 514 2703 p*-

351 2781 443 2844 Neque
470 2780 538 2830 haec
566 2781 649 2830 rerba
674 2781 840 2846 definitionem
869 2779 989 2830 dixerim
1018 2779 1114 2842 «cuius
1133 2779 1235 2832 veritas
1265 2781 1296 2832 in

352 2877 529 2941 superstitum
556 2877 710 2927 tabularum
739 2876 835 2926 Charis
862 2877 1032 2940 exploranda
1060 2878 1125 2928 θεῖ.»
1162 2877 1299 2940 Spectant

351 2976 445 3039 potius
474 2988 557 3024 uuum
591 2973 683 3036 Ajuais
710 2973 828 3024 chorum
857 2977 884 3024 et
907 2964 936 3026 ἒν
963 2968 1091 3041 παρέργῳ
1119 2975 1298 3040 dictasunt,

351 3071 477 3124 definitio
505 3075 596 3121 autern
630 3071 678 3120 itta
697 3057 764 3122 ¹tuta
791 3071 977 3134 pervertitur,
1006 3071 1061 3122 uisi
1091 3073 1190 3124 multas
1219 3085 1299 3126 exce·

352 3169 463 3233 ptiones
495 3167 610 3218 feceris:
654 3179 742 3230 neque
771 3167 885 3219 omnino
921 3180 954 3218 ea
981 3167 1138 3230 indigemus
1169 3182 1254 3231 quum
1281 3183 1298 3220 e

352 3268 483 3330 cujusque
501 3264 656 3328 argumenti
677 3269 777 3316 natura
796 3278 914 3328 persona
933 3263 1017 3316 chori
1036 3267 1172 3330 explicari
1189 3267 1300 3336 debeat,

351 3364 398 3415 Sic
417 3365 472 3416 h.l.
492 3363 605 3426 famulus
623 3361 735 3424 quidem
762 3364 848 3424 agunt
866 3352 1045 3426 (quamquam
1062 3367 1202 3417 servitutem
1222 3364 1298 3416 iliam

354 3473 409 3510 non
430 3458 513 3510 nimis
531 3457 615 3508 etiam
635 3471 733 3520 urgere
752 3458 850 3510 velim:
871 3472 934 3509 nam
945 3451 1166 3526 αἰχμαλωτῖδες
1178 3464 1300 3528 nostrae,

351 3557 423 3612 sicut
451 3555 602 3618 Phrynichi
631 3555 783 3608 Phoenissae
811 3560 838 3608 et
861 3547 973 3610 Troades
1000 3572 1044 3624 ap.
1074 3559 1139 3611 Eur.
1158 3559 1299 3613 nobiliora

351 3657 412 3708 ioco
433 3660 514 3706 natas
533 3645 626 3719 suut),
655 3656 702 3706 sed
729 3655 838 3706 tubulas
866 3655 939 3708 ratio
959 3655 1032 3708 nihil
1051 3656 1168 3722 impedit
1186 3658 1297 3722 quomi-

350 3767 402 3802 nus
429 3752 516 3803 libcro
535 3752 638 3814 agant,
667 3750 871 3815 ingenuumque
896 3752 1018 3806 animum
1049 3753 1141 3808 ubivis
1169 3769 1237 3820 prus
1267 3771 1297 3808 se

353 3851 452 3902 terant.

386 3938 430 4008 (1)
449 3945 525 3998 Coris.
544 3945 663 3998 Ktausen
684 3946 713 3998 in
733 3947 832 3999 Corum.

390 4033 433 4102 (2)
454 4041 543 4096 trinus
560 4046 634 4098 recte
654 4045 759 4098 hrode
779 4058 809 4098 rs
828 4045 939 4098 Mueller
958 4046 988 4098 in
1008 4048 1062 4100 nne
1082 4063 1109 4112 p.
1129 4049 1192 4102 102.
