3016 5000
642 350 799 406 ..99-

251 543 513 634 vae‘oppositae,
536 551 721 627 moralem,
744 570 827 634 quae
852 545 992 626 dicitur,
1014 567 1186 633 personam

246 683 398 737 tuentur:
429 671 624 756 parricidam
649 693 689 736 ex
713 671 819 737 officio
842 684 1105 756 persequuntur,
1127 692 1186 735 an·

244 807 351 882 gunt,
383 806 562 878 exposcunt
591 808 625 858 et
654 795 707 880 jus
733 815 831 858 suum
859 791 1039 878 flagitantes
1063 792 1186 876 probra

243 929 276 980 et
302 915 406 988 minas
436 915 470 982 in
503 915 570 992 eius
603 915 784 982 defensores
817 914 1005 999 conjiciunt.
1058 913 1184 980 Earum

156 1013 158 1018 ¹
242 1035 411 1120 partibus,
434 1049 503 1101 ram
526 1035 653 1122 lyricis,
685 1058 786 1122 quam
810 1033 932 1122 epicis,
954 1036 1061 1104 omnis
1084 1035 1185 1102 actio-

241 1157 291 1222 nis
332 1157 474 1244 tragicae
518 1157 690 1243 omnisque
737 1155 951 1224 concitatioris
996 1157 1184 1223 animorum

240 1275 352 1343 motio
377 1278 577 1363 principium
600 1280 785 1345 nominetur
799 1277 859 1369 (1).

283 1399 399 1485 Itaque
421 1399 547 1484 potiore
569 1401 643 1465 loco
669 1412 745 1466 sunt
767 1413 799 1465 et
816 1401 953 1485 majores
977 1400 1092 1486 agendi
1108 1421 1183 1484 par·

240 1533 286 1586 tes
317 1520 475 1586 sustinent
500 1541 602 1607 quam
624 1521 691 1604 ipse
714 1520 935 1607 protagonista
969 1518 1097 1586 Ores-tes
1111 1518 1181 1609 (2):

239 1641 296 1724 qui
320 1661 425 1726 quum
448 1662 621 1725 personam
644 1641 796 1726 supplicis
818 1653 851 1706 et
872 1641 1028 1706 sordidati
1052 1654 1183 1706 tueatur

238 1782 335 1850 seque
358 1773 466 1827 totum
491 1761 635 1846 Apollini
658 1762 692 1826 in
714 1763 899 1828 clientelam
916 1763 1092 1839 dicaverit,
1115 1762 1142 1828 F
1144 1785 1181 1827 u-

237 1883 304 1947 riae
338 1883 417 1948 huie
450 1883 511 1947 deo
534 1895 693 1966 perpetuo
719 1885 954 1961 adversantur,
978 1885 1045 1970 ejus
1068 1896 1183 1950 aucto-

237 2003 370 2068 ritatem
408 2002 587 2090 infringere
624 2005 773 2080 studens,
821 2003 1028 2090 iniquitatem
1062 2025 1179 2089 expro-

238 2122 348 2198 brant,
358 2123 535 2206 promissis,
549 2145 633 2208 quae
646 2125 679 2190 in
689 2126 861 2213 Areopago
880 2126 968 2205 facit,
992 2127 1075 2193 iram
1088 2147 1181 2194 suam

238 2254 271 2306 et
296 2243 379 2308 diras
403 2257 586 2327 opponunt.

282 2363 369 2432 Cum
391 2363 518 2430 actione
540 2364 640 2432 Chori
663 2369 755 2432 valde
776 2368 964 2452 conspirant
987 2369 1090 2456 lyrica
1113 2391 1183 2436 car·

235 2487 336 2564 mina,
360 2503 503 2572 quorum
530 2489 639 2572 priora
655 2491 789 2575 quidem
813 2493 853 2556 ad
873 2504 1108 2578 argumentum
1132 2494 1181 2558 fa·

236 2608 331 2673 bulae
361 2611 467 2674 solum
492 2609 656 2693 pertinent
681 2611 793 2700 (veluti
820 2619 996 2695 κομματικά
1019 2613 1073 2678 illa
1097 2635 1199 2698 quae.

236 2753 281 2797 vs.
305 2732 369 2796 138
391 2753 463 2816 sqq.
488 2743 522 2798 aa
553 2753 600 2800 vs.
623 2733 689 2796 242
720 2753 794 2820 sqq.
828 2736 1001 2820 leguntur,
1038 2736 1179 2817 parodus

234 2874 318 2938 quae
340 2854 472 2928 vs.294‚
497 2865 531 2918 et
554 2853 649 2936 ὕμνος
671 2852 794 2936 δέσμιος
814 2853 874 2937 qui
893 2875 938 2920 νε.
951 2855 1016 2919 309
1039 2853 1178 2942 incipit),

234 2975 360 3059 reliqua
382 2986 493 3038 tamen
516 2986 548 3037 et
572 2995 650 3038 oum
674 2985 873 3059 argumento
890 2973 1051 3056 aptissime
1066 2975 1179 3039 cohae-

234 3108 327 3172 rent,
362 3107 394 3159 et
424 3093 612 3181 gravissimo
652 3095 741 3178 qnod
779 3101 877 3178 poir'ra
918 3093 991 3158 sibi.
1008 3097 1181 3179 proposuit

162 3233 166 3240 ·
234 3214 365 3280 oonsilio
394 3214 522 3301 egregie
555 3214 745 3281 inserviunt.
789 3213 881 3282 Siout
904 3215 992 3280 enim
1015 3217 1050 3282 in
1072 3214 1181 3306 Apol·

237 3337 326 3402 linis
347 3347 380 3402 et
395 3334 535 3402 Orestis
557 3335 704 3420 partibus
729 3337 789 3426 (vs.
804 3337 868 3402 595
892 3358 964 3423 sqq.
988 3351 1020 3402 et
1043 3341 1179 3418 vs.274,

233 3458 392 3472 ——*

270 3505 314 3577 (1)
333 3515 408 3567 Idem
438 3515 546 3568 oblinet
573 3513 602 3565 in
624 3513 773 3582 Supplicem
791 3516 899 3566 Charo:
930 3517 977 3567 sed
996 3517 1086 3569 Danai
1105 3518 1179 3569 filiae

233 3612 337 3674 primas
356 3616 441 3676 agunt
458 3618 577 3676 suntque
597 3612 850 3677 reverasuppuees,
869 3613 961 3675 qualis
981 3616 1034 3667 ini.
1052 3615 1177 3679 Orestes,

233 3708 335 3770 quibus
352 3709 439 3774 siquis
458 3714 647 3774 opponeretur
666 3712 875 3773 opponerentur
895 3709 1086 3774 Aegyptiae-es.

270 3798 314 3868 (2)
333 3830 370 3843 -
399 3820 500 3869 equum
536 3806 641 3870 primae
674 3810 767 3870 partes
793 3803 900 3856 Orestes
929 3809 1023 3856 {eriere
1057 3807 1177 3868 debeat,

232 3903 326 3954 omnia
346 3908 436 3955 tamen
457 3905 492 3954 ad
511 3917 572 3955 eum
592 3904 672 3954 flnem
692 3903 840 3954 convenire
857 3886 1003 3964 videnlur,
1035 3907 1065 3955 ut
1078 3903 1179 3955 Furiae

231 4000 343 4065 potiore
373 4001 434 4052 loeo
461 4000 544 4051 einr.»
562 4021 599 4035 -
628 4002 710 4051 verba
739 3999 889 4052 Hermanni
918 4001 952 4051 de
983 4003 1053 4063 trag.
1081 4005 1108 4052 et
1135 4015 1179 4066 ep.

231 4097 309 4160 poesi
328 4109 425 4151 ronam.
444 4095 517 4152 XXX
537 4097 579 4150 ed.
601 4095 714 4157 Aristar.
734 4096 808 4150 Puer.
828 4097 891 4148 ¹69.

1038 4197 1074 4256 7*
