3016 5000
577 353 734 408 ..83-

186 555 370 628 intercipit,
413 575 478 638 qua
510 555 728 636 suscipiendae
762 547 920 615 vindictae
953 553 1120 616 consilium

183 677 288 742 Oresti
311 680 443 742 firmare
465 676 572 740 studet
598 673 654 762 (vs.
679 671 853 757 aut-471).
886 674 1000 738 Parcas
1023 673 1121 758 igitur

184 813 272 877 orat,
301 813 348 884 ut¹
372 796 458 862 Jovis
493 796 686 860 auctoritate
717 797 843 878 justum
876 794 923 857 rei
967 808 1133 890 eventumv

182 925 361 994 adducant,
405 935 507 1004 utque
549 929 608 1000 p'ar
648 917 716 1000 pari
750 918 911 980 referatur
944 929 977 979 et
1012 917 1120 980 caedes

183 1044 277 1106 caede
300 1045 432 1104 luatur:

386 1163 458 1228 οἷντὶ
481 1161 514 1226 δὲ
537 1159 657 1243 πληγῆς
680 1159 791 1256 φονίας
814 1159 929 1241 φονίαν

384 1283 507 1368 πληγὴν
529 1281 665 1348 τινέτω·
691 1281 839 1366 δράσαντι
862 1288 979 1346 παθεῖν

383 1405 530 1489 τριγέρων
552 1407 651 1486 μῦθος
673 1402 746 1468 τάδε
763 1410 860 1484 φωνεῖ
874 1399 931 1490 (vs.
946 1404 1010 1466 310
1021 1401 1120 1488 sqq).

183 1525 331 1592 Orestem
354 1539 463 1591 autem
485 1527 587 1589 modo
610 1526 821 1590 describendo
844 1539 1010 1608 praesente
1029 1529 1120 1588 luctu

182 1652 233 1713 vel
256 1648 421 1711 efferendis
444 1645 699 1732 Agamemnonis
726 1647 877 1710 laudibus
899 1648 1032 1711 incitare
1055 1660 1123 1711 stu·

181 1773 254 1846 det,
288 1772 369 1832 dum
403 1770 520 1834 sororis
555 1770 791 1855 aegritudinem
815 1769 920 1832 reditu
943 1769 1050 1831 fratris
1072 1789 1123 1831 so·

180 1893 267 1954 latur
290 1889 384 1974 eique
408 1875 534 1972 paterni
569 1890 731 1976 sanguinis
755 1910 873 1972 poenas
896 1911 914 1952 a
936 1889 1046 1952 liberis
1069 1911 1123 1952 ex-

180 2013 333 2093 petendas
356 2011 522 2096 designat3
546 2047 591 2060 -
621 2013 719 2075 modo
742 2013 900 2086 eundem,
925 2011 1033 2096 denuo
1054 2013 1122 2076 ani-

181 2154 277 2195 mum
316 2133 591 2214 despondentem,
628 2133 706 2218 legis
742 2133 868 2197 divinae
901 2109 1055 2198 admonet
1090 2147 1122 2197 et

181 2253 330 2316 lamentis
353 2252 567 2339 precibusque
601 2255 774 2330 hortatur,
798 2267 835 2317 ut
870 2255 1017 2337 protinus
1052 2255 1123 2318 vin·

181 2375 302 2438 dictam
328 2375 549 2462 aggrediatur.

224 2493 277 2559 Sic
310 2497 458 2560 taudem
477 2498 627 2560 firmatus
673 2495 800 2562 Orestes
843 2497 954 2562 matris
989 2499 1122 2563 caedem

179 2618 371 2700 pronuntiat
393 2627 427 2682 et
450 2639 526 2682 curn
550 2618 681 2684 Electra
703 2619 737 2683 in
759 2623 907 2703 sepulcro
928 2621 1060 2697 sedens,
1084 2633 1122 2684 ut

180 2741 265 2821 patri
296 2741 420 2825 diisque
452 2740 561 2804 inferis
594 2744 772 2805 solemnem
812 2743 977 2828 hymnum
1002 2730 1120 2821 canat,

181 2862 290 2927 faustis
313 2861 414 2927 Chori
438 2862 587 2946 precibus
610 2865 801 2948 adjuvatur:
890 2869 893 2875 “

313 2983 395 3048 atta
421 2983 585 3058 sidonae,
608 2990 741 3068 μάκαρες
767 2988 909 3070 χθόνιοι,

314 3104 403 3186 raeda
427 3111 577 3191 κατευχῆς
600 3104 730 3187 πέμπετ’
754 3107 877 3191 ἀρωγὴν

313 3229 424 3290 παισὶν
449 3228 627 3310 προφρόνως
652 3229 703 3290 ἐπὶ
726 3226 833 3312 virga!
861 3227 920 3316 (ve.
936 3229 999 3291 469
1022 3226 1122 3314 sqq).

225 3347 405 3432 Postquam
429 3345 532 3433 igitur
566 3349 646 3412 fletu
678 3362 711 3412 et
732 3349 851 3413 naeniis
874 3350 973 3432 patris
997 3369 1123 3413 memo·

182 3471 265 3533 riam
288 3467 479 3546 honoravit,
504 3468 630 3535 Orestes
666 3493 808 3534 caussam
845 3471 989 3556 anquirit
1023 3493 1123 3556 quare

183 3588 439 3676 Clytaemnestra
473 3592 602 3656 inferias
635 3593 776 3656 miserit:
811 3592 926 3656 deinde
957 3593 1122 3656 somnium

181 3712 305 3788 matris,
329 3713 388 3796 ipsi
412 3737 431 3778 a
454 3711 563 3779 Choro
589 3726 756 3778 narratum
783 3711 1027 3802 (asor-532),
1051 3727 1122 3778 tan-

182 3853 284 3916 quam
307 3853 405 3897 omen
428 3834 609 3924 accipiens,
639 3838 872 3918 perpetrandae
896 3836 997 3902 caedis
1020 3835 1122 3899 ratio·

181 3976 259 4018 nem
300 3925 448 4020 accurate
483 3979 559 4022 cum
595 3954 704 4020 Choro
738 3957 979 4038 communicat,
1022 3977 1123 4040 quem

181 4079 333 4142 hortatur
363 4090 401 4142 ut
432 4079 628 4162 prudentor,
666 4093 763 4161 prom
798 4102 846 4144 res
879 4079 1038 4161 postulet,
1075 4082 1125 4144 vel

986 4203 1023 4256 6*
