2902 5004
579 436 718 489 -9-

168 635 362 734 'Aristoteles
401 644 512 698 autem
551 634 591 696 de
636 633 824 698 fabularum
859 635 926 718 ejus
965 635 1138 718 composi-¹¹

178 759 265 824 tione
289 759 374 821 hano
396 755 617 840 quaestionem
637 755 743 836 ponit:
768 753 821 818 διὰ
843 755 875 818 τί
898 757 926 818 οἱ
949 757 1018 837 περὶ
1041 758 1123 838 Φρύ-

178 904 266 966 νιχον
277 873 358 960 ἦσαν
368 875 490 960 μᾶλλον
502 873 682 959 μελοποιοί;
705 913 745 922 —-
762 897 900 961 eamque
921 875 1123 959 conjiciendo
1236 864 1237 876 ¹

176 1001 222 1064 ita
234 1000 392 1084 explicat:
416 1004 437 1081 ἤ
457 997 510 1061 διὰ
530 999 564 1062 τὸ
588 995 808 1062 πολλαπλάσια
820 991 902 1064 εἶναι
915 1002 984 1062 τότε
997 999 1036 1062 τὰ
1047 995 1124 1080 μέλη
1279 1043 1282 1050 .

179 1125 214 1186 ἐν
225 1128 296 1196 ταῖς
306 1117 497 1205 τραγῳδίαις
510 1124 575 1184 τῶν
586 1118 707 1205 μέτρων
721 1117 786 1208 (1);
803 1121 920 1205 quibus
932 1121 1024 1184 facile
1038 1119 1125 1204 quis·
1161 1167 1163 1174 .

179 1265 243 1328 que
277 1241 476 1306 assentietur.
521 1239 606 1304 Nam
638 1241 774 1304 mobiles
805 1241 877 1305 illae
911 1254 1124 1325 actuosaeque

138 1370 142 1380 '
179 1362 376 1434 histrionum
389 1373 510 1444 partes,
523 1365 632 1446 quales
643 1363 762 1426 suntin
775 1361 941 1446 Sophoclis
953 1363 1125 1450 tragoediis

180 1496 212 1547 et
235 1483 268 1546 in
292 1480 417 1548 Orestia
440 1481 611 1568 Aeschyli,
644 1483 699 1548 illa
722 1495 825 1549 aetate
848 1483 996 1548 nondum
1021 1498 1124 1548 erant.

179 1605 320 1670 Alterius
351 1618 437 1669 certe
465 1605 625 1669 histrionis
656 1626 730 1670 usus
759 1603 855 1670 XXV
879 1605 1006 1670 circiter
1035 1605 1125 1668 annis

179 1741 253 1790 ante
283 1726 455 1801 ultimam,
485 1728 525 1790 de
553 1747 618 1810 qua
645 1739 787 1805 constat,
820 1709 1000 1811 Phrynichi
1023 1727 1124 1791 victo·
1179 1811 1181 1816 ι

179 1848 264 1912 riam
278 1845 326 1935 (2)
353 1847 549 1924 invaluerat;
572 1848 662 1932 atqui
672 1870 713 1912 ne
725 1849 832 1932 ipsum
841 1850 975 1935 quidem
985 1847 1126 1934 Aeschy-

180 1973 274 2049 lum,
295 1989 355 2051 per
373 1965 522 2032 XXVIII
544 1977 705 2032 annorum
730 1955 892 2052 spatium,
922 1971 1068 2038 multum
1088 1989 1128 2032 ex

180 2091 312 2154 invento
335 2109 395 2153 suo
422 2088 613 2172 profecisse,
638 2089 797 2172 conjicere
826 2089 901 2154 licet
934 2111 950 2152 e
979 2089 1124 2172 simplice
1165 2155 1168 2162 ,

181 2211 360 2274 admodum
393 2221 426 2272 et
456 2211 565 2274 sedata
595 2181 765 2274 Persarum
789 2211 1013 2294 dispositione,
1031 2232 1125 2297 -quae

181 2345 291 2396 tamen
325 2331 436 2395 fabula
471 2343 547 2414 pars
577 2332 640 2396 fuit
670 2332 872 2426 didascaliae,
907 2354 973 2418 qua
1004 2332 1125 2415 primas

181 2453 288 2518 tulisse
319 2455 440 2540 legitur
461 2474 547 2542 anno
571 2476 600 2520 a.
627 2450 705 2518 Chr.
728 2455 804 2518 427.
825 2447 865 2501 έ-
885 2451 1014 2539 Quippe
1035 2465 1125 2517 merc

183 2574 284 2661 lyrica
304 2588 374 2639 erat
397 2575 581 2660 tragoediae
602 2575 740 2654 in,doles;
760 2589 792 2639 et
810 2596 975 2668 sermones
992 2576 1126 2661 quidem

183 2719 286 2782 aeque
303 2719 341 2761 ac
363 2698 489 2761 cantica
506 2697 667 2780 expolire,
688 2691 757 2761 non'
773 2719 851 2762 vero
870 2699 949 2761 haec
973 2719 1050 2760 com
1067 2696 1127 2760 illis

183 2838 363 2903 exaequare
393 2818 518 2882 studuit
543 2817 755 2905 Phrynichus.
802 2816 992 2882 Saltationes
1012 2819 1130 2882 solem-

183 2961 239 3003 nes
265 2939 443 3026 elegantius
475 2940 663 3016 adornavit,
693 2952 726 3003 et
755 2959 852 3002 novas
872 2938 1006 3020 adjecit,
1029 2939 1131 3002 artifi-

186 3061 287 3124 ciosos
309 3079 486 3142 suavesque
505 3057 622 3123 modos
642 3059 781 3135 invenit3
804 3059 859 3120 sed
876 3057 1007 3122 actionis
1020 3079 1130 3123 emen·

188 3182 312 3244 dandae
338 3183 468 3244 laudem
504 3200 611 3263 neque
640 3191 809 3244 assectatus
838 3153 965 3244 videtui·
973 3228 983 3259 ,
1025 3199 1133 3263 neque

188 3304 336 3388 aequales
354 3303 381 3366 ei
408 3289 607 3368 tribuerunt.
651 3299 721 3367 Hoc
736 3301 986 3378 recentioribus,
1006 3301 1040 3386 in
1065 3303 1132 3386 pri·

187 3424 248 3488 mis
271 3423 448 3512 Aeschle,
468 3423 615 3510 contigit.

190 3792 267 3846 dium
295 3797 323 3844 et
350 3791 487 3843 Danaides
514 3792 611 3843 ecdem
641 3793 697 3844 tere
726 3793 824 3855 modo,
849 3805 905 3856 quo
925 3790 1134 3855 antiquissimae

189 3889 314 3953 Aeschyli
334 3889 437 3940 luerint
455 3888 610 3948 ordinate.
864 3877 866 3881 ’

227 3980 271 4050 (1)
290 3979 424 4038 Problem.
443 3985 521 4048 XIX,
542 3988 587 4038 31.

227 4077 271 4147 (2)
290 4083 466 4147 Phoenissae,
496 4083 596 4145 quibus
623 4082 709 4146 vicit,
738 4083 833 4136 docuit
853 4097 927 4136 anuo
947 4095 971 4138 a.
991 4083 1051 4136 Chr.
1072 4083 1134 4136 476.

190 4186 263 4239 cont.
283 4181 420 4236 Plutdreh.
438 4181 567 4232 Themist.
587 4182 615 4232 5.
