2902 5004
571 449 710 506 ..7.-

167 650 341 729 dinaverit,
376 669 441 712 non
473 647 641 711 immerito
671 647 747 710 inde
778 646 891 713 efficias
918 647 953 712 in
975 650 1107 716 illorum

166 771 332 858 tragoediis
346 767 446 836 Chori
457 789 595 834 manera
603 768 825 834 inconcinnius
834 769 928 836 fuisse
937 772 1109 856 descripta.

206 894 254 958 De
277 891 464 978 Phrynicho
487 893 582 974 plura
604 892 790 956 traduntur.

208 1015 336 1081 Dicitur
345 1034 447 1098 aeque
458 1025 556 1099 atque
565 1012 742 1100 Aeschylus
755 1015 914 1098 aptiorem
926 1015 1110 1102 tragoediae

164 1134 314 1202 tribuisse
346 1134 535 1212 materiem,
567 1135 612 1199 ita
646 1148 685 1199 nt
714 1135 878 1202 a'fabnlis
905 1139 946 1200 de
968 1135 1110 1224 Dionyso

167 1260 335 1337 recedens,
359 1257 511 1344 graviora
532 1257 679 1322 heroicae
702 1257 812 1322 aetatis
835 1271 1028 1342 argumenta
1045 1271 1111 1323 tra·
1167 1325 1171 1336 ,

168 1391 256 1442 ctare
277 1378 461 1444 institueret
474 1378 533 1468 (1).
568 1378 673 1464 quue
696 1392 833 1464 apparet
855 1377 955 1443 etiam
978 1400 1018 1443 ex
1041 1381 1110 1462 ple·

167 1500 274 1585 risque
301 1503 487 1566 dramatum
512 1500 723 1579 nominibus,
754 1479 839 1586 quae
861 1503 949 1584 apud
971 1498 1107 1565 Suidam

166 1625 338 1709 leguntur,
375 1643 414 1688 ex
437 1643 489 1710 gr.
513 1622 722 1702 Pleuroniae,
758 1621 907 1698 Alcestis,
931 1621 1108 1703 Danaides,

166 1744 416 1821 Andromache,
441 1745 606 1812 Tantalus.

208 1867 331 1931 Deinde
363 1864 567 1953 Phrynichus
601 1866 780 1932 mulierum
807 1885 958 1948 personas
981 1866 1108 1948 primus

164 1988 199 2051 in
232 2009 362 2052 scenam
401 1988 562 2052 induxisse
591 1999 623 2051 et
652 1987 836 2050 tetrametri
864 1997 977 2050 auctor
1011 1986 1107 2049 fuisse

167 2108 356 2190 perhibetur
371 2105 431 2195 (2).
455 2144 499 2158 -
534 2107 662 2170 Harum
684 2085 791 2191 partes
814 2109 913 2170 modo
937 2130 955 2170 a
979 2104 1109 2181 Choro,

166 2230 266 2293 modo
284 2229 325 2294 ab
343 2228 498 2294 histrione
514 2243 600 2293 actae
623 2249 688 2293 esee
709 2228 892 2314 significant
913 2229 1012 2292 iidem
1036 2229 1110 2292 dra·

167 2365 295 2416 matum
334 2352 437 2428 tituli,
475 2351 595 2416 veluti:
630 2349 839 2426 Pleuroniae,
876 2349 1104 2425 Andromeda,

167 2475 309 2539 Alcestis.
356 2471 468 2558 Quum
491 2493 569 2538 vero
591 2486 727 2556 propter
749 2471 935 2558 argumenti
958 2483 1110 2535 naturam

167 2595 335 2680 probabile
357 2596 408 2673 sit,
432 2597 465 2660 in
488 2593 685 2682 quibusdam
709 2593 845 2670 fabulis,
868 2601 1013 2657 actorem
1033 2611 1111 2655 sexu

165 2741 184 2783 a
208 2715 318 2782 Choro
342 2719 506 2801 diversum
529 2717 700 2800 prodiisse,
731 2691 849 2780 merito
871 2714 909 2789 ii,
941 2713 998 2798 qui
1021 2712 1112 2775 The-

164 2838 261 2922 spidis
292 2837 484 2904 histrionem
520 2859 625 2903 unum
659 2841 699 2902 do
729 2836 839 2903 Choro
861 2837 972 2914 fuisse,
1004 2857 1110 2920 neque

166 2957 327 3037 diverbia,
356 2963 411 3024 sed
433 2963 649 3046 monologum
671 2961 816 3044 aliquem
840 2957 1011 3020 instituisse
1034 2977 1110 3020 curn

166 3080 357 3146 Hermanno
370 3081 418 3169 (3)
442 3080 646 3154 existimant,
671 3101 709 3142 ex
733 3082 794 3142 hac
812 3077 998 3140 inventione
1010 3075 1112 3162 Pbry-

105 3263 110 3276 ,
168 3203 303 3266 nichum
327 3202 425 3266 etiam
449 3201 565 3288 dialogi
589 3177 757 3296 auctorem
779 3198 912 3262 habent.

142 3395 143 3398 ,
212 3325 255 3389 At
285 3323 346 3389 nisi
368 3321 540 3399 invenisse,
575 3336 661 3386 certe
686 3320 795 3385 multis
818 3317 965 3403 partibus
988 3319 1112 3402 expoli-

165 3447 243 3510 visse
271 3446 439 3533 dialogum
474 3446 651 3509 credendus
681 3455 744 3506 est:
783 3441 835 3504 cui
859 3440 958 3504 etiam
979 3449 1109 3523 postea,

166 3619 324 3632 -ι-ι-α-

204 3700 248 3770 (1)
266 3707 334 3758 rtur.
361 3707 556 3772 symp.1,1,
585 3721 613 3770 p.
631 3707 687 3758 ets
707 3707 745 3756 A:
774 3698 862 3770 ὥσπερ
896 3693 941 3756 οὖν
970 3699 1110 3769 Φρυνίχου

166 3801 215 3856 καὶ
234 3798 389 3870 Αἲτχύλου
418 3803 469 3864 τὴν
495 3797 653 3872 emptas
681 3797 722 3865 εἷς’
751 3797 851 3868 μύθους
882 3798 930 3854 καὶ
950 3793 1023 3858 attin
1045 3815 1110 3866 τρυ-

167 3897 295 3971 cydaras
312 3895 442 3970 ἐλέχθη·
461 3898 492 3955 τί
510 3897 611 3954 ταῦτα
631 3897 698 3967 τρὶς
718 3896 768 3952 τὸυ
789 3894 939 3962 dedcorant

203 3995 247 4066 (2)
265 4002 382 4067 Saldae,
402 4013 461 4054 voc.
483 3995 635 4067 Φρύνιχος,
656 3995 815 4066 γυναικεῖον
836 3991 978 4065 πρόσωπον
998 3990 1113 4065 εἰσήγα-

168 4115 219 4168 γευ
238 4091 268 4152 ἕν
288 4098 325 4166 τῇ
344 4097 446 4166 σκηνῇ.
467 4093 515 4150 καὶ
535 4091 650 4163 εὑρετὴς
670 4093 723 4150 τοῦ
742 4092 942 4166 τετραμέτρου
961 4090 1096 4165 istesso·

205 4188 249 4260 (a)
267 4197 336 4251 (lod.
356 4196 501 4250 liernann.
521 4195 584 4248 loco
604 4175 687 4259 snpra
709 4195 726 4247 Ι.
