3016 5000
707 352 883 444 ...1¹00...¹

323 555 387 620 682
406 551 491 642 sqq.)
513 552 698 618 societatem
719 573 796 618 cum
808 551 935 639 Argivis
957 553 1055 616 modo
1078 539 1196 618 initam*
1217 576 1267 620 ce·

322 677 428 740 lebrat
450 689 482 739 et
508 667 689 739 Minervas
719 695 774 738 ore
807 673 889 739 cives
918 675 958 738 ad
981 673 1194 758 antiquorum
1219 676 1268 738 in-

321 797 511 862 stitutorum
535 795 685 880 inprimis
709 795 869 885 Areopagi
894 795 1122 860 auctoritatem
1144 795 1196 879 pie
1216 817 1268 860 re·

237 903 239 908 ¹
322 919 672 983 verendam-hortatur
702 917 761 1005 (νε.
781 918 847 980 434
869 938 942 1000 sqq.
967 928 999 980 et
1021 937 1066 981 νε.
1084 915 1149 988 609,
1165 914 1267 1000 sqq),

323 1039 368 1103 ita
393 1039 426 1101 in
448 1037 645 1102 carminibus
668 1037 774 1124 lyricis
797 1039 838 1102 ad
859 1036 1050 1102 interiorem
1071 1036 1268 1120 reipublicae
1354 1011 1360 1018 ι

323 1157 486 1222 rationem
520 1147 706 1235 attendens}
743 1157 863 1222 civium
901 1157 1066 1221 licentiam
1098 1156 1205 1242 carpit
1236 1170 1269 1222 et

252 1331 255 1338 .
324 1279 518 1344 modestiam
552 1263 779 1366 justitiamque
815 1279 950 1342 summis
984 1278 1132 1343 laudibus
1166 1279 1268 1343 effert.

325 1383 413 1484 Quid
435 1400 606 1464 sublimius
629 1399 824 1486 graviusque
845 1375 989 1464 sensibus
1005 1399 1076 1476 illis,
1101 1375 1182 1485 quos
1203 1400 1271 1463 sol.

324 1521 413 1586 licito
447 1521 557 1584 auimo
591 1523 683 1584 effert
716 1524 812 1603 poc'ta
848 1519 970 1602 patriae
1004 1517 1270 1585 amantissimus?

326 1639 401 1726 Quo
421 1643 522 1705 modo
544 1640 650 1723 aptius
670 1639 779 1723 potuit
795 1660 964 1703 concussae
981 1639 1180 1722 reipublicae
1203 1641 1272 1705 rui·

327 1783 407 1826 uam
441 1761 617 1850 augurari,
653 1763 704 1826 vel
744 1760 887 1824 acerbius
922 1761 1132 1844 popularium
1166 1781 1273 1826 mores

328 1867 462 1959 notare,
499 1901 600 1968 quam
631 1881 845 1946 nobilissimo.
863 1885 923 1945 hoc
953 1879 1176 1946 Eumenidum
1202 1903 1298 1947 car·-

329 2003 437 2068 mine:
461 2007 537 2072 Νῦν
561 2006 775 2090 καταστροφαὶ
797 2002 875 2069 νέοον
896 2005 1026 2086 θεσμίον
1050 2029 1080 2070 κ.
1104 2029 1133 2071 τ.
1160 2003 1188 2070 λ.
1216 2005 1272 2094 (νε.

244 2195 249 2202 ,
330 2124 435 2213 454λῖ
471 2100 608 2190 ¹Scilicet
627 2126 788 2190 exciderat
812 2146 851 2189 ex
865 2125 1111 2190 Atheniensium
1133 2127 1275 2209 pectori·

329 2247 390 2312 bus
424 2237 521 2330 prisci
556 2247 626 2311 aeri
667 2246 851 2329 simplicitas
885 2248 938 2311 illa
971 2259 1069 2332 atque
1102 2249 1274 2326 severitas,

330 2388 431 2452 quam
472 2367 506 2429 in
541 2367 578 2430 iis
611 2365 811 2431 desiderabat
843 2365 1038 2453 Aeschylus,
1074 2389 1175 2453 quam
1200 2369 1276 2453 ipsc

333 2489 483 2552 ardenter
507 2487 654 2564 colebat,
689 2487 723 2550 in
746 2509 811 2572 qua
832 2487 955 2571 patriae
976 2491 1112 2554 salutent
1136 2490 1275 2573 positam

312 2608 502 2674 .censebat:
880 2605 883 2614 '

375 2732 463 2812 Μήτ’
489 2733 648 2814 ἄναρκτον
674 2723 730 2794 οὖν
754 2731 847 2817 βίον,
877 2734 951 2812 μήτε
976 2729 1220 2814 δεσποτούμενον

377 2850 522 2938 αἰνέσῃς·
546 2852 644 2916 παντὶ
665 2847 747 2934 μέσῳ
770 2845 809 2913 τὸ
833 2856 943 2935 κράτος
966 2853 1039 2926 θεὸς
1063 2851 1210 2918 ὤπασεν·

679 2968 774 3048 ,ἄλλ’
804 2969 888 3060 ἄλλα
918 2969 946 3034 δ’
962 2973 1107 3054 ἐφορεύει.

379 3095 549 3180 ξύμμετρον
575 3093 603 3157 d'
617 3095 691 3168 ἔπος
716 3091 816 3172 λέγω·
1150 3099 1154 3110 ’

380 3215 544 3303 δυσσεβίας
561 3219 618 3299 μὲν
637 3216 726 3302 ὕβρις
738 3214 826 3289 τέκος
837 3216 879 3288 ὡς
898 3215 1022 3297 ἐτύμως·
1036 3217 1069 3279 ἐκ
1082 3213 1231 3296 δ’ὑγαίας
1343 3229 1348 3242 ·

381 3342 501 3423 φρενῶν
524 3343 543 3402 o‘
565 3344 661 3403 πᾶσιν
688 3335 776 3420 φίλος
800 3339 853 3400 καὶ
877 3311 1065 3410 πολύευκτος
1085 3335 1190 3432 ὄλβος.

384 3460 413 3533 ἒς
437 3461 473 3524 τὸ
499 3464 563 3524 πᾶν
589 3458 624 3523 δέ
649 3483 698 3523 τοι
721 3455 820 3539 λέγω·
851 3453 958 3546 (imptis
987 3457 1109 3522 αἴδεσαι
1132 3461 1232 3534 Δίκας

379 3579 458 3665 μηδέ
485 3605 538 3646 νιν
564 3579 669 3666 κέρδος
695 3578 771 3645 ἰδὼν
794 3579 883 3662 α’θὲῳ
905 3577 980 3643 ποδὶ
1001 3577 1061 3668 λὰξ
1084 3578 1219 3668 cirione*
1285 3611 1289 3616 ·

698 3707 701 3711 ’
795 3705 895 3767 ποινὰ
918 3703 978 3784 γὰρ
1002 3700 1142 3768 eatstan
1232 3687 1235 3694 ⁴

379 3826 486 3908 κόριον
510 3823 596 3906 μένει
618 3821 717 3896 τέλος.
766 3820 825 3910 (νε.
851 3823 913 3888 472
936 3821 1021 3910 sqq.)

335 3941 490 4008 Similiter
524 3945 558 4007 in
592 3936 710 4008 ultimo
740 3944 870 4009 stasimo
903 3966 948 4010 νε.
972 3946 1039 4009 834
1071 3967 1143 4030 sqq.
1178 3945 1278 4010 felici-

330 4075 432 4130 tatem
463 4065 636 4142 describit,
671 4085 736 4148 qua
779 4077 866 4130 terra
904 4065 967 4131 diis
1000 4079 1093 4154 grata
1134 4067 1273 4146 fruiturt
1358 4041 1376 4102 .'
