3016 5000
737 350 894 403 -60-

392 545 464 608 Toti
489 556 598 607 autem
624 544 699 608 hnic
723 546 825 621 actui,
850 547 873 608 si
908 567 1025 628 paucos
1050 565 1157 612 versus
1194 547 1290 636 (690-

347 667 426 752 697)
457 667 615 749 excipias,
649 666 765 749 quibus
799 665 855 730 liis
892 668 1053 732 aerumnis
1089 669 1288 754 ingemiscit,

348 783 473 850 Chorus
495 787 577 849 nihil
602 787 850 871 interloquitur,
875 788 932 852 nisi
958 792 1046 874 quod
1072 793 1112 854 ad
1135 789 1221 854 dicta
1238 792 1288 854 vel

345 907 498 972 elicienda
532 909 581 970 vel
613 908 831 989 protrahenda
861 924 983 992 spectet
1020 911 1079 998 (vs.
1101 913 1186 986 590,
1222 913 1287 976 634

342 1051 413 1113 sqq.
429 1030 492 1092 700
504 1051 551 1112 sq.
570 1031 646 1106 747,
671 1031 736 1093 784
749 1051 821 1114 sqq.
846 1032 908 1094 821
925 1030 1012 1116 sqq).
1060 1033 1287 1096 Discedentem

342 1153 478 1214 demum
500 1151 661 1236 virginem
687 1149 863 1216 Oceanides
888 1168 1130 1238 prosequuntur
1160 1153 1285 1217 carmi·

342 1295 403 1346 ne,
429 1275 517 1355 quod
539 1273 715 1358 praegressi
739 1287 828 1338 actus
848 1296 1014 1338 summam
1033 1272 1197 1358 Choriqne
1217 1295 1286 1337 sen-

342 1393 478 1457 tentiam
509 1393 585 1458 inde
615 1395 762 1458 effectam
788 1397 950 1458 continet:
984 1395 1161 1478 sapientem
1189 1415 1287 1476 prae·

342 1515 451 1578 dicant
484 1537 582 1589 eum,
615 1517 671 1598 qui
705 1515 828 1596 primns
860 1515 1006 1578 docuerit
1043 1489 1171 1598 nuptias
1207 1537 1284 1581 cum

340 1633 471 1716 paribus
488 1633 580 1698 initas
601 1635 712 1698 ceteris
735 1647 909 1718 praestare:
937 1638 1026 1719 qnod
1044 1651 1080 1700 nt
1098 1637 1153 1703 liis
1172 1661 1284 1703 exem-

339 1755 395 1836 plo
420 1755 547 1841 egregie
571 1755 630 1818 sihi
654 1755 831 1838 probatur,
863 1757 908 1820 ita
931 1759 1069 1822 deorum
1094 1761 1282 1824 coelestium

340 1896 466 1939 amores
490 1877 724 1960 deprecantur,
756 1877 944 1959 pracsertim
971 1876 1079 1954 lovis,
1113 1881 1203 1963 cujus
1228 1902 1284 1946 vo-

341 1998 446 2062 luntas
469 1999 582 2063 evitari
610 2011 749 2082 nequeat
775 1999 834 2086 (vs.
851 1997 1033 2084 889-908).

384 2117 439 2183 His
464 2121 556 2184 dictis
570 2119 783 2183 Prometheus
796 2123 835 2183 ad
848 2121 932 2184 iram
951 2133 1159 2204 provocatus,
1179 2143 1283 2206 quum

339 2261 435 2326 aegre
454 2243 538 2304 serat
559 2239 706 2305 Chorum
728 2240 832 2306 verbis
857 2241 920 2305 suis
938 2241 1037 2304 fidem
1060 2262 1126 2304 non
1145 2242 1280 2318 habere,

338 2363 471 2424 fatalem
506 2361 594 2426 Jovis
622 2382 731 2425 casum
764 2361 914 2426 audacius
947 2363 1044 2425 etiam
1078 2361 1282 2430 vaticinatur.

339 2481 401 2546 Sed
423 2503 483 2546 nec
510 2482 562 2546 ille
586 2482 751 2568 virginum
777 2494 922 2546 mentem
948 2482 1102 2546 vaticiniis
1125 2483 1188 2547 suis
1209 2505 1283 2546 mn-

338 2617 386 2666 tat
408 2645 451 2656 —
476 2625 554 2666 narn
579 2605 757 2686 opinantur
779 2626 856 2668 eum
882 2606 1012 2668 credere
1042 2627 1126 2688 quae
1162 2618 1282 2689 speret,

337 2737 369 2788 et
393 2745 444 2788 eos
468 2738 597 2788 tantum
621 2728 777 2808 sapientes
797 2745 861 2788 esse
890 2726 1000 2808 ajunt,
1026 2726 1082 2808 qui
1110 2726 1199 2789 malis
1215 2747 1282 2789 non

266 2915 271 2934 ι
338 2847 558 2910 obsistant-
580 2867 687 2930 neque
713 2843 813 2909 Chori
842 2842 967 2909 monita
992 2858 1024 2908 et
1044 2845 1281 2932 objurgationes

337 2971 492 3033 audacem
527 2967 715 3042 Promethei
746 2967 894 3031 animum
926 2988 945 3030 a
971 2966 1122 3050 superbia
1148 2987 1281 3033 avocare

338 3103 469 3175 possunt
499 3091 558 3176 (ts.
580 3085 762 3173 sos-945).

382 3212 527 3276 Tandem
553 3209 742 3274 Mnncnnrns
767 3209 894 3290 prodit,
931 3232 949 3272 a
980 3208 1058 3273 Jove
1089 3209 1219 3284 missus,
1245 3223 1281 3272 ut

338 3333 521 3396 Promethei
547 3331 633 3394 diota
657 3333 697 3394 de
723 3330 818 3416 ipsius
849 3331 1002 3416 conjugio
1033 3332 1197 3413 exploret3
1224 3332 1281 3415 qni

336 3454 484 3538 primum
507 3473 635 3535 aspere,
671 3466 780 3535 postea
810 3453 948 3517 sedatius
973 3473 1049 3515 eum
1074 3453 1281 3534 reprehendit

308 3615 311 3622 ι
336 3587 368 3638 et
391 3576 429 3638 ad
455 3573 702 3658 obsequendum
725 3573 797 3639 Jovi
821 3577 992 3652 hortatnr3
1030 3573 1148 3657 quibus
1173 3575 1280 3638 consi-

336 3697 384 3760 liis
407 3696 463 3759 nbi
487 3696 567 3759 nihil
593 3697 772 3778 p1·oficit--
796 3696 944 3780 quamvis
959 3697 1155 3760 admonente
1170 3694 1279 3762 Choro

339 3819 396 3905 (vs.
424 3818 509 3882 1038
532 3817 617 3902 sqq.)
643 3849 682 3858 -
711 3839 845 3904 gravem
870 3816 1064 3900 pertinaciae
1088 3839 1228 3902 poenam
1252 3821 1279 3883 ei

336 3941 523 4004 minitatur:
548 3941 706 4004 nimirum
731 3939 869 4003 fulmine
891 3938 995 4004 ictum
1020 3941 1053 4003 in
1073 3937 1197 4006 Orcum
1220 3943 1274 4004 dc·

335 4077 463 4128 trusum
487 4063 525 4126 iri
549 4077 581 4128 et
603 4062 767 4147 aliquanto
802 4075 873 4144 post
910 4063 940 4127 in
977 4065 1083 4128 lucem
1109 4083 1275 4127 reversum
