3016 5000
593 321 751 382 ...67-

206 543 284 606 quas
320 521 504 608 Iphigeniae
551 522 646 586 caede
679 521 889 586 commeritus
931 533 1029 585 esset:
1066 523 1144 606 qui,

206 665 309 728 quum
334 645 507 727 placandae
522 641 643 707 Dianae
666 641 825 707 rationem
848 663 866 704 e
889 639 1065 707 Calchante
1087 665 1144 708 au-

205 767 348 842 divisset,
391 767 553 830 sociorum
600 762 748 846 precibus
790 783 930 847 suaeque
971 763 1141 828 ambitioni

203 889 371 953 obsecutus
389 886 482 970 impii
504 884 653 955 sacrificii
675 897 788 949 auctor
811 884 988 950 exstitisset.
1018 885 1067 950 Ex
1080 887 1143 950 hoc

204 1011 346 1075 facinore
375 1029 459 1092 quae
489 1007 553 1070 sint
587 1023 799 1072 consecutura
830 1027 890 1088 nec
923 993 1005 1071 scire
1027 1029 1060 1071 se
1083 1029 1144 1071 nec

203 1132 309 1196 dicere
326 1150 429 1213 possc3
455 1149 531 1192 vera
547 1139 658 1192 tamen
680 1149 744 1193 esse
757 1127 939 1194 Calchantis
962 1129 1060 1194 verba
1083 1149 1141 1193 au·

204 1264 354 1327 tument,
378 1270 493 1313 veruna
516 1249 594 1313 item
618 1248 707 1334 quod
728 1269 826 1333 supra
848 1249 1028 1315 dixisssent:

403 1368 477 1434 diso
499 1369 533 1434 δὲ
557 1375 622 1443 τοῖς
642 1370 701 1454 μὲν
728 1371 888 1437 παθοῦσιν

402 1497 519 1572 μαθεῖν
542 1489 700 1576 ἐπιρῥὲπει
724 1492 759 1555 τὸ
780 1489 916 1574 μέλλον·
942 1529 985 1544 -

202 1631 299 1697 seque
320 1611 406 1696 regi,
434 1589 525 1674 bano
558 1630 697 1694 poenam
720 1633 892 1696 perpesso,
915 1613 948 1676 in
972 1630 1137 1698 posterum

203 1733 286 1796 bona
308 1733 477 1815 faustaque
499 1731 610 1795 omnia
644 1753 723 1797 cum
747 1725 1004 1819 Clytaemnestra
1027 1752 1140 1820 optare

201 1856 260 1941 (vs.
287 1854 412 1918 40-250
436 1856 486 1918 cd.
511 1850 679 1938 Schneid).

240 1975 321 2039 inde
344 1975 464 2039 iterum
488 1995 520 2038 se
543 1975 585 2038 ad
618 1975 767 2062 reginam
790 1984 988 2039 convertunt
1015 1997 1138 2063 rogan-

199 2111 264 2171 tes,
302 2109 476 2179 acoeptone
511 2117 553 2159 an
585 2108 715 2178 sperato
747 2108 878 2160 tantum
913 2096 1001 2162 bono
1023 2101 1140 2164 nuntio

197 2239 287 2282 sacra
329 2217 445 2282 faciat:
499 2215 612 2302 itaque
646 2213 778 2280 curiosis
812 2215 1012 2282 satisfactura
1047 2217 1138 2284 ctas

197 2360 405 2405 accusasses
426 2337 595 2402 victoriam
629 2336 796 2420 superiore
818 2350 914 2402 nocte
937 2353 1137 2422 reportatam

196 2447 273 2526 cuin
308 2461 345 2524 iis
379 2459 625 2534 communicat,
660 2470 693 2522 et
726 2457 952 2524 dubitantibus
974 2461 1135 2526 rationem

196 2581 322 2664 accepti
335 2580 442 2644 nuntii
464 2579 616 2663 explicat:
640 2579 737 2644 rebus
759 2593 870 2644 autem
893 2591 962 2645 tem
984 2602 1137 2667 prospere

195 2703 301 2790 gestis,
325 2723 454 2785 sperare
470 2721 503 2765 se
526 2701 616 2766 addit
638 2703 709 2766 fore
732 2715 769 2765 ut
791 2701 944 2778 victores,
968 2703 1136 2770 deosTro·

191 2828 284 2910 janos
319 2843 501 2907 eorumque
534 2825 658 2907 templa
691 2825 857 2898 venerati,
881 2823 957 2888 salvi
990 2838 1023 2888 et
1045 2825 1136 2889 inco·

194 2949 297 3011 lumes
331 2915 464 3010 redeant
497 2965 603 3028 neque
631 2944 672 3020 ab
695 2943 762 3008 aliis
790 2943 929 3008 invicem
964 2944 1136 3009 vincantur

196 3070 255 3156 (vs.
279 3068 456 3152 att-343).

240 3187 369 3256 Chorus
404 3187 620 3252 verecundam
654 3185 802 3272 reginae,
833 3205 917 3270 quae
945 3185 1015 3269 jam
1043 3189 1135 3252 aedes

196 3311 318 3386 intrat,
342 3308 536 3374 sententiam
558 3308 669 3372 laudat
699 3325 850 3392 novoque
884 3308 1028 3373 carmine
1062 3331 1136 3396 gra-

196 3429 255 3496 tias
287 3430 347 3496 diis
380 3451 475 3517 agere
510 3429 709 3516 aggreditur.
755 3428 871 3514 Trojae
903 3430 991 3495 enim
1014 3445 1135 3498 sortem

195 3553 396 3618 considerans
419 3551 597 3635 potentiam
622 3549 707 3616 lovis
729 3563 913 3632 veneratur,
937 3572 1020 3636 quae
1043 3574 1137 3636 prae·

194 3673 568 3756 sentenncelamitatem
606 3671 726 3738 Paridis
750 3694 857 3738 caussa
881 3672 1029 3758 Trojanis
1052 3675 1136 3738 inlli-

196 3795 280 3860 xerit
301 3809 333 3858 et
355 3815 440 3861 novo
462 3796 525 3860 hoc
548 3796 697 3878 exemplo
715 3795 941 3871 declaraverit,
964 3815 1135 3880 nunquam

196 3918 271 3982 deos
294 3917 393 3981 scelus
416 3909 619 4000 impunitum
643 3917 747 3995 ferre,
769 3913 847 3994 sed,
872 3914 1021 4001 quamvis
1043 3936 1136 3998 sero,

199 4039 356 4107 ultionem
388 4060 512 4124 parare.
559 4035 623 4107 Cui
654 4036 812 4120 superdm
846 4036 1067 4102 vindictae-
1094 4037 1139 4101 sio

1022 4163 1055 4218 51
