3016 5000
585 350 741 406 ..53-

243 554 270 618 E
291 552 389 619 Chori
413 551 541 616 canticis
562 550 718 636 paredus
734 562 767 612 et
785 553 946 634 primum
969 554 1139 616 stasimon

198 677 239 740 ad
266 678 425 758 populum
449 686 647 757 cunctosque
670 671 751 735 cives
775 671 931 753 pertinet;
958 671 1141 736 secundum

198 812 231 861 et
257 800 402 861 tertiam
434 795 527 859 unice
559 794 627 856 fere
658 793 699 856 ad
732 793 847 856 fratres
870 765 1050 876 eorumque
1073 814 1142 855 cer·

197 933 306 982 tamen
329 930 462 1002 spectat.
495 913 638 980 Parodus
655 914 782 1000 egregie
800 927 923 978 aestum
942 912 1018 976 belli
1042 927 1140 998 atque

196 1054 377 1113 terrorem,
407 1037 465 1122 qui
488 1037 607 1101 civium
629 1049 754 1100 mentes
777 1049 1002 1117 occupaverat,
1027 1035 1140 1117 expri-

196 1162 257 1225 mit
280 1171 406 1242 etpost
428 1160 562 1223 allatum
596 1160 635 1222 de
670 1157 861 1222 instantibus
884 1157 1028 1222 hostibus
1052 1179 1139 1221 nun·

195 1283 280 1346 tium
304 1280 452 1366 regisque
476 1299 585 1361 preces
610 1292 724 1361 aptum
751 1279 875 1342 obtinet
899 1283 1018 1343 locum.
1066 1277 1137 1344 Sta-

196 1403 279 1465 simo
303 1415 431 1475 autern,
464 1401 703 1487 ingravescente
727 1401 829 1487 magis
855 1399 1022 1485 magisque
1049 1401 1139 1482 peri-

197 1527 290 1599 culo,
325 1525 490 1606 desperata
524 1543 624 1604 paene
661 1520 749 1584 urbis
781 1520 923 1584 conditio
956 1534 989 1584 et
1011 1513 1137 1585 adversi

197 1645 378 1710 certaminis
402 1644 596 1708 calamitates
619 1643 846 1707 describuntur
869 1663 1045 1727 precesque
1070 1641 1137 1706 eni-

194 1766 263 1828 xius
286 1765 455 1828 iterantur.

236 1882 300 1948 Sed
323 1907 406 1969 quae
429 1895 500 1949 erat
517 1888 684 1969 hucusque
703 1885 887 1948 communis
911 1885 1023 1967 populi
1047 1906 1137 1949 caus·

193 2027 247 2082 sa,
284 2027 320 2069 ea
343 2017 416 2088 post
439 2008 535 2070 fatale
558 2005 694 2070 Eteoclis
718 2004 890 2069 consilium
913 2006 1046 2088 propria
1069 2007 1136 2067 hu·

190 2126 240 2209 jus
269 2139 302 2189 et
337 2123 493 2212 Polynicis
528 2129 614 2191 facta
649 2139 705 2190 est.
751 2125 847 2189 Nunc
878 2127 1017 2213 virgines
1051 2127 1136 2189 dira-

190 2268 268 2310 rum
304 2245 420 2330 Oedipi
465 2269 649 2326 memores,
692 2269 733 2310 ne
767 2249 829 2310 hac
865 2247 932 2330 ipsa
966 2248 1047 2310 hora
1081 2269 1135 2311 eae

190 2368 390 2450 impleantur
421 2370 629 2453 fratrumque
663 2367 785 2432 vitain
808 2366 926 2431 ultimo
950 2367 1134 2441 discrimine

189 2500 351 2566 versetur,
376 2492 585 2555 vehementer
607 2503 771 2554 metuunt.
818 2487 944 2574 Quibus
968 2474 1134 2576 cogitatio-

188 2611 283 2674 nibus
307 2613 386 2676 adeo
408 2625 562 2676 tenentur
585 2624 617 2675 et
639 2623 832 2698 gravantur,
857 2623 893 2674 ut
916 2611 965 2674 sui
988 2611 1131 2695 ipsarum

189 2733 391 2817 civitatisque
414 2735 660 2818 quodammodo
683 2731 927 2798 obliviscantur.
976 2731 1060 2796 Hinc
1084 2734 1132 2796 in-

189 2855 368 2941 telligitur,
392 2875 450 2918 cur
485 2856 519 2918 in
554 2853 698 2918 carmine
732 2854 806 2931 illo,
830 2856 919 2937 quod
944 2853 1070 2915 canitur
1093 2872 1132 2917 eo

188 2979 257 3061 ipso
292 2988 463 3059 tempore,
500 2996 567 3058 quo
599 2975 633 3037 in
661 2975 763 3056 portis
787 2985 951 3048 certatur,
975 2971 1132 3035 Labdaci·
1234 3061 1237 3070 Ι

189 3101 306 3162 darum
341 3099 407 3160 fata
438 3098 508 3159 fuse
551 3093 879 3169 commemorentur,
926 3092 1022 3175 ipsius
1055 3114 1132 3157 vero

189 3219 326 3285 civitatis
347 3219 448 3282 semel
471 3229 600 3281 tantum
624 3215 751 3280 mentio
772 3216 845 3289 fiat,
870 3227 1027 3299 quatenus
1050 3216 1130 3278 haec

187 3363 318 3426 quoque
342 3361 400 3423 per
424 3339 496 3422 Laji
522 3337 738 3402 temeritatem
764 3337 877 3400 misere
900 3335 1074 3422 affligitur:

229 3537 231 3544 y
343 3467 463 3524 Κακὼν
488 3458 529 3537 δ’,
553 3458 661 3538 ὥσπερ
677 3456 841 3537 θάλασσα,
866 3458 934 3540 κῦμ’
957 3462 1040 3538 ἄγει,

343 3583 457 3664 τὸμὲν
490 3583 625 3646 narrar·
650 3577 729 3643 ἄλλο
754 3578 896 3665 δ’,οὲείρει

342 3700 508 3787 τρίχαλον,
532 3703 549 3765 ὃ
574 3703 627 3765 καὶ
654 3703 724 3784 περὶ
747 3704 822 3784 πρύ-

342 3849 426 3905 μναν
452 3822 567 3896 πόλεως
589 3820 748 3908 καχλάζει.

342 3945 474 4020 Mareia)
499 3943 527 4008 δ’
541 3941 623 4007 ἀλκὰ
647 3943 689 4006 δι’
709 3942 817 4022 ὀλίγου

343 4068 435 4133 τείνει
460 4071 576 4153 πύργος
600 4069 633 4132 ἐν
659 4053 756 4150 stipsi,
