2902 5004
715 335 874 392 ..33..

330 559 416 613 tero,
430 536 576 621 quamvis
595 555 707 600 earum
729 535 809 600 votis
827 535 960 619 obsequi
984 533 1039 599 diu
1061 539 1271 621 multumque

279 703 281 710 .
329 667 494 744 gravetur,
519 655 641 740 quippe
663 655 789 722 bellurn
812 656 876 721 suis
900 656 1022 721 civibus
1039 679 1115 721 eum
1129 657 1271 744 Aegypti

329 780 420 861 prole
451 790 622 858 metuens,
653 790 770 841 tamen
800 777 984 842 Danaidum
1008 777 1158 860 precibus
1181 797 1271 842 eom-

329 911 438 964 motus
471 919 543 962 rem
585 919 770 983 proponere
813 902 936 983 populo
978 920 1054 964 cum
1090 920 1193 985 eoque
1237 922 1271 964 se

328 1021 409 1084 velle
441 1019 635 1096 deliberare,
666 1019 747 1104 quid
769 1021 956 1086 faciendum
978 1021 1041 1101 sit,
1076 1022 1269 1106 pronuntiat

331 1138 389 1228 (vs.
413 1138 591 1226 ste-449).
637 1139 751 1227 Neque
778 1141 908 1208 assiduis
931 1155 1061 1209 tantum
1085 1143 1271 1210 Danaidum

329 1261 495 1344 precibus,
519 1263 573 1326 sed
596 1260 682 1328 Jovis
705 1261 804 1328 etiam
827 1264 1008 1330 reverentia
1031 1266 1071 1328 ad
1096 1265 1128 1330 id
1152 1266 1270 1332 facien-

329 1385 409 1446 dum
432 1383 622 1466 impellitur,
647 1405 750 1468 eoque
772 1385 891 1470 magis,
916 1387 1006 1469 quod
1028 1385 1101 1450 illae
1125 1401 1268 1452 mortem

328 1517 483 1586 oppetere
506 1502 607 1588 quam
624 1505 658 1568 in
676 1517 766 1568 tanta
782 1504 1004 1586 desperatione
1027 1528 1046 1570 a
1069 1529 1144 1593 rege
1168 1509 1271 1573 deseri

328 1624 424 1687 satius
454 1623 514 1687 sibi
546 1644 609 1686 esse
639 1635 799 1688 testantur
832 1624 889 1712 (vs.
921 1623 1097 1712 tto-462).
1155 1626 1270 1713 Itaque

329 1746 370 1809 ad
402 1742 521 1807 urbem
558 1756 712 1826 properat
744 1743 914 1830 Pelasgus:
959 1744 1100 1831 virgines
1137 1744 1269 1810 interim

330 1867 557 1952 propinquum
590 1865 711 1930 intrare
745 1887 859 1930 nemus
891 1865 1002 1949 ibique
1033 1866 1141 1950 quiete
1173 1866 1269 1949 ipsius

330 1990 473 2056 reditum
508 2008 642 2052 manere
673 1987 787 2071 jubet3
820 1986 971 2050 Danaum
995 2007 1071 2050 vero
1095 2007 1173 2050 cum
1195 2008 1273 2069 sup·

331 2111 467 2195 plicibus
490 2109 588 2174 ramis
612 2109 767 2184 dimittit,
792 2129 872 2193 quos
901 2121 940 2171 ut
962 2108 1102 2172 deorum
1125 2106 1186 2172 aris
1210 2109 1272 2172 im·

332 2246 432 2317 ponat
458 2233 590 2307 suadet,
626 2244 673 2306 et,
714 2251 781 2314 quo
813 2230 915 2294 tutior
947 2229 989 2293 sit
1015 2229 1057 2293 ab
1090 2229 1272 2293 incolarum

330 2354 476 2438 injuriis,
500 2352 633 2438 comites
656 2351 782 2435 aliquot
800 2351 830 2413 ei
855 2349 1022 2435 adjungi13
1046 2349 1127 2412 filias
1149 2361 1272 2426 autem,

331 2487 426 2560 aegre
450 2484 578 2555 apatre
604 2470 748 2548 relictas,
771 2491 830 2535 suo
852 2471 1009 2554 praesidio
1027 2470 1156 2556 citoque
1174 2473 1273 2555 patris

331 2596 440 2660 reditu
458 2597 600 2670 solatur,
624 2615 684 2657 nec
707 2592 762 2657 abs
787 2613 822 2656 re
846 2595 915 2656 sore
937 2593 1045 2668 addit,
1077 2591 1103 2656 si
1126 2595 1272 2657 faustum

332 2715 567 2782 deliberationis
613 2715 737 2780 exitum
776 2735 795 2778 a
840 2712 899 2777 diis
941 2713 1136 2800 indigetibus
1178 2725 1273 2777 orent

334 2825 591 2928 (vates-518).

374 2960 431 3027 His
445 2959 575 3029 monitis
586 2957 724 3022 libenter
736 2956 807 3022 illae
818 2953 949 3040 pa'rent:
965 2955 1094 3021 iteratas
1107 2954 1273 3022 adlovem

332 3104 441 3167 preces
465 3084 603 3159 tollunt,
629 3101 686 3164 per
709 3079 765 3144 liis
788 3100 938 3148 amorem
961 3079 1061 3144 deum
1084 3092 1230 3145 orantes:

510 3201 607 3285 λίμνᾳ
632 3199 661 3267 δ’
686 3198 801 3288 ἔμβαλε
826 3201 1046 3287 πορφυροειδεῖ

508 3326 567 3389 τὰν
589 3320 778 3404 μελανόζυγ’
802 3321 911 3390 droul

333 3445 484 3509 luserunt
516 3444 626 3508 Inachi
652 3444 737 3507 filiae
768 3465 940 3520 amorem,
964 3446 1055 3528 cujus
1079 3447 1146 3510 fata
1168 3458 1200 3510 et
1223 3468 1273 3510 er-

334 3587 443 3641 rores,
468 3587 534 3651 quo
553 3564 656 3652 magis
679 3566 779 3628 deum
804 3577 1051 3658 commoveant,
1067 3578 1151 3650 ‘apte
1178 3587 1274 3633 accu-

332 3703 467 3774 rateque
490 3700 751 3752 commemorant
769 3687 829 3774 (vs.
851 3685 1026 3774 trs-594).

377 3811 502 3876 Annuit
520 3809 665 3893 Jupiter:
689 3808 773 3874 redit
794 3807 923 3873 Danaus
947 3810 1051 3874 fausta
1076 3809 1189 3892 populi
1206 3811 1273 3874 suf-

332 3929 437 4032 fragia
472 3934 615 3996 referens
628 3978 638 4011 ‚
669 3930 830 3996 civitatem
855 3942 891 4022 et,
920 3931 1177 3997 incolumitatem
1201 3929 1273 4012 ipsis

328 4055 437 4121 offerri
460 4056 621 4121 nuntians.
667 4051 893 4139 Quamobrem
918 4053 985 4121 voti
1008 4065 1172 4136 compotes
1201 4049 1271 4114 lovi
