2902 5004
547 415 705 470 „11-

156 617 340 700 primorum
354 613 499 681 XXVIII
523 633 689 678 annorum
711 613 834 695 spatio,
859 634 925 696 quo
945 615 1102 700 tragicam

155 759 282 802 musam
306 737 425 813 coluit,
460 737 551 799 nulla
573 734 656 797 illius
679 734 842 820 tragoedia
864 735 957 798 nohis
978 750 1102 799 seruata

155 871 215 936 est3
251 879 335 943 quae
358 870 470 922 autem
494 868 633 920 aetatem
656 857 821 929 tulerunt,
855 853 985 930 Persae,
1019 852 1103 939 Sup-

145 980 271 1068 plices,
304 977 441 1060 Septem
473 989 586 1040 contra
599 976 757 1052 Thebas,
789 976 1002 1044 Prometheus
1035 980 1104 1041 vin-

44 1106 46 1112 ’
157 1113 248 1176 ctus,
284 1097 426 1173 Orestia,
467 1098 507 1160 ad
530 1098 608 1161 artis
625 1099 697 1180 jam
732 1099 933 1180 perfectioris
960 1113 1101 1164 aetatem

156 1223 366 1304 pertinentet
386 1219 472 1283 inter
493 1241 619 1282 annum
644 1221 708 1284 472
732 1233 764 1284 et
789 1223 853 1285 458
875 1243 906 1284 a.
921 1219 1001 1287 Chr.
1026 1243 1105 1286 eon-

154 1314 295 1425 scriptae
315 1342 473 1405 videntur.
499 1340 594 1408 Unde
616 1355 707 1425 patet
729 1356 820 1406 certo
841 1343 904 1407 dici
927 1344 981 1407 vix
1001 1363 1103 1427 posse,

159 1485 226 1548 qua
247 1461 371 1526 ratione
392 1463 532 1528 scrihere
554 1463 730 1528 instituerit
753 1465 946 1551 Aeschylus,
970 1477 1003 1529 et
1022 1486 1105 1550 quos

159 1584 358 1668 pedetentim
400 1585 434 1648 in
473 1598 542 1649 arte
583 1585 706 1672 tragica
746 1585 861 1650 fecerit
902 1606 1104 1672 progressus3

159 1727 261 1791 eoque
283 1707 391 1770 minus
414 1708 503 1791 quod
526 1707 652 1790 antiqui
673 1706 845 1790 scriptores
867 1728 940 1771 eam
960 1721 1105 1772 remant

157 1827 283 1892 silentio
313 1827 570 1910 praeterierunt,
601 1843 661 1892 aut
688 1829 828 1892 strictim
851 1841 982 1893 tantum
1005 1830 1045 1893 de
1068 1850 1106 1892 ea

156 1949 257 2012 locuti
279 1961 365 2012 sunt.
410 1946 494 2011 Nam
518 1950 665 2031 quaeda
688 1947 847 2032 Aeschylo
869 1951 1107 2012 animadverte·

158 2083 248 2146 runt,
272 2071 313 2132 ad
335 2081 506 2132 externam
530 2069 633 2155 magis
655 2069 839 2162 tragoediae
865 2071 1009 2137 sormam
1033 2091 1107 2152 per-

160 2191 267 2254 tinent
300 2211 401 2274 quam
429 2191 471 2253 ad
492 2188 682 2252 interiorem
706 2191 894 2254 dramatum
918 2192 985 2274 ejus
1007 2191 1106 2256 ratio·

159 2332 255 2389 nem3
303 2311 449 2396 plerique
494 2311 584 2376 varia
616 2309 702 2375 illius
746 2313 879 2378 inventa
918 2313 1104 2396 promiscue

158 2446 342 2508 recensent,
376 2435 467 2497 nulla
496 2435 566 2498 fere
598 2433 754 2516 temporis
784 2436 835 2498 vel
865 2435 956 2499 modi
978 2436 1105 2500 ratione

157 2554 286 2630 habita,
311 2576 378 2638 quo
399 2553 537 2618 inventis
558 2554 622 2619 suis
647 2560 741 2638 poe'ta
763 2577 838 2620 usus
859 2556 910 2621 sit.

203 2676 287 2743 Utut
319 2690 382 2750 est,
417 2679 555 2763 elonga
578 2676 768 2741 fabularum
790 2677 888 2754 serie,
922 2699 1002 2762 quas
1024 2699 1104 2742 con·

157 2800 314 2882 scripsisse
337 2801 459 2874 fertur,
481 2812 617 2882 apparet
640 2799 838 2886 Aeschylum
860 2801 895 2862 in
918 2815 1025 2864 artem
1036 2812 1104 2866 tra-

158 2921 266 3004 gisam
295 2932 426 2984 strenue
456 2919 655 2997 incubuisse;
691 2941 775 3004 quae
797 2923 866 2983 laus
889 2921 1102 3004 antiquorum

160 3035 259 3104 etiam
290 3039 482 3103 testimoniis
515 3041 695 3104 affirmatur
715 3039 776 3128 (1).
821 3039 962 3106 Videtur
992 3053 1104 3105 autem

159 3160 195 3223 in
224 3181 261 3224 ea
293 3161 478 3245 aequalium
512 3165 685 3243 poetarum
719 3161 898 3236 rationem,
933 3162 1105 3252 inprimis

161 3281 355 3368 Phryniohi‚
389 3303 453 3346 esse
485 3295 629 3361 secutus,
666 3305 685 3345 a
716 3303 783 3367 quo
814 3303 891 3346 cum
924 3284 1105 3348 mulierum

160 3423 329 3486 personas,
353 3402 480 3487 aliaque
502 3404 633 3468 fortasse
655 3403 688 3468 id
710 3423 830 3490 genus,
854 3405 1005 3482 traxerit,
1028 3418 1103 3469 tum

158 3525 257 3589 etiam
295 3524 474 3610 lyricorum
511 3524 784 3608 compositionem
817 3547 857 3589 ex
891 3546 930 3592 eo
964 3527 1105 3592 hausisse

158 3646 299 3710 traditur
317 3643 378 3735 (2).
423 3643 634 3733 Quamquam
667 3668 752 3733 quae
774 3647 962 3736 Phrynicho
983 3649 1105 3714 dehue-

158 3769 203 3831 rit
238 3782 270 3832 et
298 3779 456 3852 quatenus
490 3769 565 3833 inde
599 3769 798 3852 profecerit,
834 3769 1021 3857 singulatim
1056 3771 1101 3833 in·

194 4042 237 4114 (1)
256 4053 332 4104 conl.
351 4053 427 4105 Paos.
447 4056 481 4115 1,
501 4056 554 4119 21,
574 4057 600 4107 2.

193 4141 238 4211 (2)
258 4151 341 4204 (loch.
362 4166 454 4203 sersus
474 4154 557 4204 Arist.
577 4168 653 4218 supr.
672 4157 715 4207 all.
