3016 5000
762 352 918 411 ⁸„70-

600 555 653 618 uni
674 553 834 628 ξυνεστίου
858 547 933 624 Διὸς
972 560 975 580 “

598 672 796 757 πρασσομένα
819 675 855 736 τὸ
880 676 1072 754 νυμφότιμον

596 791 688 875 μέλος
711 796 850 874 ἐκφάτως
876 793 1003 867 τίοντας

595 913 766 998 ὑμέναιον,
792 916 827 988 ὃς
851 917 916 978 τότ’
939 914 1107 1000 ἐπέρῥεπεν

596 1015 782 1125 γαμβροῖσιν
809 1035 936 1104 ἀείδειν.
965 1039 1024 1126 (vs.
1041 1037 1104 1101 687
1130 1034 1215 1125 sqq.)

368 1159 494 1224 Scilicet
527 1158 619 1224 aedes
653 1156 775 1223 Priami
803 1157 960 1245 ingressa,
994 1157 1112 1222 mulier
1140 1158 1243 1222 suavis
1278 1171 1312 1222 et

369 1282 508 1356 blanda,
543 1279 683 1366 benigne
715 1292 849 1362 excepta
883 1293 916 1344 et
947 1293 1082 1363 paterno
1105 1299 1216 1343 aurore
1244 1281 1313 1344 fota

367 1415 431 1480 cst3
457 1421 520 1484 pro
537 1401 655 1486 quibus
675 1399 838 1466 beneficiis
853 1413 971 1483 postea,
991 1400 1130 1486 gratiam
1153 1403 1311 1474 reterens,

366 1518 466 1582 leonis
495 1518 595 1581 instar
619 1516 736 1581 misere
767 1517 801 1580 in
827 1519 968 1582 fautores
990 1517 1110 1603 saeviitp¹
1132 1530 1165 1581 et
1188 1516 1311 1582 Priami

367 1641 505 1702 domum
540 1639 646 1722 caede
670 1638 856 1702 maculavit.
902 1635 1112 1711 Manifestum
1135 1650 1199 1713 est,
1225 1637 1312 1704 Jovis

339 1744 341 1746 ¹
367 1759 449 1823 iram
473 1761 572 1822 talem
594 1757 715 1842 nuptiis
737 1757 924 1841 imposuisse
956 1758 1076 1833 finem,
1105 1765 1197 1842 'quae
1223 1779 1311 1822 novo

366 1881 517 1962 exemplo
540 1881 686 1953 doceret,
709 1880 810 1943 scelus
832 1899 872 1941 ex
894 1880 1011 1942 scelere
1034 1877 1133 1955 oriri,
1157 1879 1309 1945 maleficii

365 2021 505 2084 poenam
539 2022 600 2065 nec
622 2001 765 2095 xhonore
813 2020 873 2064 nes
907 1999 1023 2064 divitiis
1058 2000 1160 2065 averti
1195 2020 1309 2083 posse,

364 2123 469 2206 justae
492 2133 623 2187 tantum
647 2120 760 2186 domui
784 2122 956 2208 pulchram
981 2123 1108 2204 prolem
1141 2122 1226 2186 nasci
1252 2124 1309 2210 (vs.

368 2241 543 2328 sos-760).
803 2329 807 2338 Ι

414 2363 487 2427 Jam
509 2363 617 2446 prodit
652 2363 685 2425 in
716 2384 845 2427 scenam
869 2362 1101 2450 Agamemnon
1136 2386 1200 2430 una
1231 2385 1308 2430 cum

367 2483 545 2550 Cassandra
569 2503 669 2548 curru
694 2497 803 2548 vectus
814 2531 825 2564 ,
841 2493 843 2498 “
860 2483 999 2567 stipante
1021 2485 1183 2550 comitum
1209 2496 1312 2550 cater-

367 2627 427 2682 va,
462 2627 563 2691 quem
591 2604 787 2688 conspiciens
821 2601 947 2670 Chorus
970 2605 1109 2692 ingenue
1134 2605 1255 2670 nescire
1276 2629 1310 2671 se

367 2727 551 2810 profitetur,
570 2726 688 2811 quibus
706 2725 812 2808 ipsum
828 2725 934 2790 verbis
947 2727 1007 2790 rite
1028 2727 1181 2810 excipiat:
1204 2749 1310 2812 quum
1391 2779 1396 2794 .

367 2860 463 2934 neget
494 2869 527 2912 se
551 2869 614 2912 ease
638 2847 671 2911 in
697 2867 812 2911 eorum
845 2868 1007 2922 numero,
1043 2849 1100 2932 qui
1124 2871 1182 2933 per
1206 2871 1310 2914 assen-

289 2987 293 3008 ¹
367 2969 525 3034 tationem
547 2989 609 3054 pro
631 2982 781 3052 tempore
801 2969 958 3055 gaudium
982 2971 1151 3036 laetumve
1174 2993 1254 3054 prae
1277 2994 1310 3037 se

368 3092 488 3170 ferant3
513 3089 726 3155 ambitionem
750 3103 882 3167 autem,
907 3112 972 3175 qua
994 3113 1051 3155 rex
1074 3091 1152 3156 olim
1170 3091 1309 3157 Helenae

367 3212 471 3300 gratia
494 3225 543 3276 tot
571 3213 652 3277 viros
675 3212 710 3274 in
732 3211 856 3282 bellum
882 3212 1028 3289 duxerit,
1053 3233 1236 3297 numquam
1249 3213 1310 3277 sibi

367 3332 498 3416 probari
521 3333 670 3416 potuisse.
715 3330 932 3398 Nihilominus
951 3331 1021 3418 regi
1041 3355 1073 3396 se
1094 3334 1232 3418 gratiam
1252 3336 1309 3397 ha·

364 3455 459 3529 berc,
484 3455 573 3539 quod
596 3468 726 3518 strenue
749 3451 873 3517 bellum
905 3453 1068 3529 finiverit,
1103 3451 1309 3517 benivolum·

365 3596 429 3660 que
449 3595 486 3639 ac
502 3575 633 3640 fidelem
650 3598 682 3641 se
702 3576 730 3640 ei
748 3575 897 3642 mansisse
915 3576 1071 3651 affirmat3
1092 3577 1181 3661 quod
1200 3576 1307 3658 ipsum

365 3709 494 3782 postea,
530 3717 635 3784 quum
664 3710 696 3763 et
719 3711 902 3762 ceterorum
927 3717 1005 3784 erga
1027 3718 1059 3761 aa
1082 3696 1231 3760 animum
1254 3718 1308 3761 co-

364 3818 532 3906 gnoverit,
562 3818 684 3900 optime
708 3819 951 3918 intellecturum
977 3819 1037 3910 (vs.
1062 3818 1239 3908 tot-787).

408 3939 612 4005 Acanaunon
664 3941 808 4024 primum
854 3943 990 4008 solemni
1034 3964 1127 4008 more
1166 3942 1305 4026 patriam

362 4033 483 4126 terram
508 4065 623 4127 salutat
658 4063 799 4150 deosque
828 4067 1028 4150 compellat,
1060 4086 1202 4152 quorum
1238 4087 1303 4129 nu-
