2902 5004
557 345 715 398 „25-

166 544 341 608 Thebanae
378 544 515 634 virgines
551 544 804 614 commotissimo
842 559 938 611 cantu
983 562 1110 614 rnatum

165 683 260 726 suum
287 676 319 725 et
343 663 525 745 periculum
559 662 771 745 exprimunt,
800 666 888 748 quod
918 665 1039 747 patriae
1071 688 1109 729 ex

166 781 307 844 hostium
345 781 471 864 impetu
509 779 691 846 immineat.
738 779 799 846 Sed
837 781 913 845 belli
936 783 1110 864 strepitum

165 904 368 985 celeremque
400 901 542 965 hostium
576 902 752 966 adventum
779 901 988 990 depingentes
1014 903 1111 966 simul

163 1043 382 1108 praegressum
423 1018 558 1086 Nuntii
589 1023 808 1089 narrationem
841 1025 1038 1088 confirmant
1079 1037 1112 1087 et

163 1145 304 1224 explent.
321 1171 360 1181 -
385 1135 656 1228 Agamemnonis
679 1145 832 1232 paradas,
855 1143 1110 1232 praeteritorum

164 1260 361 1324 memoriam
397 1274 567 1350 repetens,
605 1261 681 1326 belli
705 1261 837 1344 Troiani
862 1283 1022 1339 cannam,
1056 1283 1111 1325 ex-

164 1380 336 1468 peditionis
362 1401 494 1466 graecae
519 1381 701 1456 rationem,
739 1377 920 1444 Calchantis
942 1380 1110 1454 vaticinia,

163 1499 354 1596 Iphigeniae
389 1503 519 1566 caedem
553 1502 680 1586 aliaque
715 1501 787 1566 satis
827 1521 990 1591 superque
1020 1500 1110 1564 audi-

163 1618 287 1682 toribus
310 1621 517 1708 suppeditat‚
549 1619 630 1704 quin
655 1621 753 1709 plura
776 1619 875 1683 etiam
902 1618 1067 1693 continet,
1092 1640 1110 1682 e

162 1737 282 1822 quibus
306 1735 453 1815 Chorus,
484 1739 626 1804 liberum
659 1741 698 1803 de
725 1758 922 1822 quacunque
957 1758 993 1801 re
1021 1738 1108 1821 judi-

161 1859 250 1924 cium
284 1862 470 1943 proferens,
504 1862 634 1924 futurae
660 1859 744 1944 regis
778 1857 856 1921 sorti
889 1879 922 1920 se
958 1869 1109 1920 metuere

161 1977 360 2041 subobscure
390 1977 559 2062 significat.
587 2010 627 2023 -
667 1975 943 2059 Cboiphorornm
979 1977 1109 2061 elegan-

160 2079 357 2156 tiss'imaest
381 2096 544 2176 parodus,
568 2115 632 2179 qua
657 2105 689 2157 et
713 2105 906 2176 spectatores
931 2106 964 2158 et
980 2090 1108 2158 Orestes

163 2231 200 2273 ea
233 2233 316 2295 quae
342 2211 423 2276 scire
449 2232 529 2296 opus
562 2227 609 2276 est
643 2215 831 2277 edocentur.
882 2211 1110 2278 Prometheus

164 2331 302 2392 vinetus
338 2329 494 2414 denique,
519 2352 619 2415 quem
645 2329 896 2413 praeterimus,
922 2331 1109 2396 continente

162 2451 285 2532 parodo
324 2463 411 2514 caret
458 2450 550 2531 ideo,
593 2449 670 2534 quia
704 2449 827 2512 assidua
868 2449 1108 2535 protagonistae

156 2569 334 2653 praesentia
371 2569 469 2633 cuivis
504 2568 644 2655 longiori
682 2567 819 2631 carmini
854 2568 987 2646 oberat3
1032 2582 1105 2633 tum

156 2693 274 2767 etiam,
300 2692 376 2775 quia
402 2689 527 2756 Chorus
550 2691 649 2756 totius
681 2691 726 2753 rei
751 2691 900 2776 ignarus,
936 2711 1038 2775 aeque
1070 2711 1108 2754 ac

158 2825 267 2896 postea
314 2811 462 2878 Oceanus
507 2813 631 2878 visurus
669 2812 864 2886 adveniens,
912 2832 980 2874 non
1017 2808 1107 2894 pote-

159 2944 213 2998 rat
235 2955 301 2998 non
324 2934 393 2998 veri
415 2935 602 3016 spectatoris
637 2937 746 2998 locum
782 2932 929 2996 obtinere
958 2943 990 2994 et
1013 2932 1108 2994 mise·

159 3073 235 3116 rum
262 3053 496 3117 Prometheum
520 3057 560 3117 de
584 3075 641 3117 sua
663 3067 749 3117 sorte
773 3052 957 3135 percontari
980 3066 1012 3116 et
1032 3073 1108 3117 con-

160 3172 263 3257 queri.
310 3170 397 3257 Quid
420 3176 509 3257 quod
544 3195 594 3238 res
626 3184 811 3256 perpetrata
844 3173 933 3237 nulla
968 3171 1107 3256 explica·

161 3293 250 3357 tione
287 3293 422 3357 omnino
456 3294 646 3381 indigebat,
683 3316 767 3379 quae
801 3308 911 3359 autem
946 3296 1106 3361 efferenda

159 3427 252 3476 erant
276 3411 378 3476 animi
401 3434 491 3478 sensa
525 3427 557 3478 et
585 3414 706 3499 judicia
740 3414 834 3479 unice
866 3417 933 3479 lere
956 3439 975 3480 a
997 3429 1107 3500 prota-

158 3531 282 3616 gonista
317 3531 369 3596 edi
407 3544 559 3615 poterant
591 3545 623 3596 et
645 3531 829 3607 debebant,
865 3553 969 3618 eoque
993 3534 1106 3598 melius

159 3668 225 3732 quo
248 3649 366 3714 diutius
390 3664 483 3715 antea
506 3649 671 3716 siluisset?

158 3797 317 3814 ———

63 3945 68 3958 .
157 3890 233 3942 conl.
255 3887 281 3940 0.
300 3886 332 3942 Α.
351 3889 472 3954 runca,
493 3891 599 3954 disput.
619 3906 667 3958 qno
688 3892 744 3944 loco
765 3891 900 3960 Sophocles
920 3892 1027 3944 choram
1045 3895 1107 3957 ejus·

157 4001 203 4053 que
231 3990 320 4038 contos
347 3985 479 4051 hobuertt,
509 3987 538 4037 in
573 3987 692 4040 solemn.
722 3989 807 4042 Natal.
845 3989 996 4042 christiam
1025 3990 1104 4050 Vlll‚

157 4099 183 4136 a.
203 4084 285 4136 totu.
306 4098 321 4134 a
341 4085 372 4136 G.
392 4084 424 4137 G.
447 4083 584 4137 llltcschto
606 4085 662 4138 ino.
683 4086 736 4140 tttt.
756 4103 782 4151 p.
803 4088 840 4140 st
860 4101 919 4150 sqq.
