2902 5004
686 344 877 398 ·-14-

329 552 441 630 poeta,
464 547 599 610 liberam
621 546 754 631 quidem
780 545 894 632 agendi
913 556 1103 628 potestatem
1129 545 1272 611 homini-

328 672 395 744 bus,
411 671 519 734 datam
542 690 624 744 esse,
646 670 778 746 sedita,
808 682 846 734 ut
866 668 988 736 nemini
1005 681 1108 732 certos
1129 667 1271 752 justitiae

324 793 405 856 fines
424 791 534 879 egredi
557 792 661 856 liceat.
708 793 789 857 Deos
813 794 920 870 enim,
957 815 1060 878 quum
1088 795 1276 859 hominibus

327 914 544 997 prospiciant,
578 913 777 996 sempiterna
805 915 972 998 aequitatis
996 917 1066 1001 lege
1086 936 1183 979 suum
1205 914 1274 978 cui-

326 1057 391 1120 que
415 1035 574 1110 tribuere,
596 1055 655 1118 par
672 1035 742 1117 pari
764 1037 906 1112 referre,
930 1035 1039 1118 probis
1059 1037 1185 1116 favere,
1208 1033 1271 1098 inr-

326 1156 446 1240 probos
486 1154 601 1240 punire
660 1155 918 1241 gravitatemque
946 1176 1067 1239 poenae
1104 1155 1275 1220 atrocitate

324 1278 452 1342 'sceleris
473 1277 594 1342 metiri.
639 1275 731 1341 Hanc
749 1288 861 1342 autem
882 1277 1049 1360 puniendi,
1069 1276 1272 1340 retribuendi

328 1400 624 1483 remunerandique
649 1399 810 1463 rationem
830 1411 898 1464 tam
920 1399 1065 1484 religiose
1085 1398 1126 1462 ab
1146 1398 1183 1462 iis
1206 1418 1272 1462 ser-

295 1550 301 1606 j
328 1521 418 1602 vari,
443 1520 534 1584 utin
561 1541 616 1584 eos
633 1540 874 1604 nonnunquam
892 1519 1166 1595 animadvertant,
1189 1541 1272 1604 quc-

327 1664 403 1706 rum
415 1646 500 1707 facta
512 1664 550 1706 ex
560 1643 693 1706 honesto
705 1641 835 1706 consilio
849 1641 993 1726 prosecta
1003 1641 1182 1706 videantur.
1208 1639 1272 1706 Ao-

326 1767 433 1830 cidere
454 1765 543 1830 enim
563 1784 672 1848 posse,
694 1777 731 1827 ut
754 1763 826 1848 quis
846 1763 950 1846 proba
971 1783 1106 1847 sequens
1130 1761 1163 1826 in
1187 1765 1274 1826 mala

328 1900 440 1952 tamur
473 1886 608 1962 incidat,
638 1885 663 1949 si
684 1896 820 1968 propter
853 1883 1013 1948 inscitiam
1033 1886 1083 1948 vel
1104 1883 1272 1948 temerita-

331 2019 401 2074 tem
430 2031 470 2072 ea
499 2007 694 2090 susceperit,
725 2027 808 2092 quae
837 2006 960 2070 summi
981 2005 1125 2069 numinis
1148 2005 1273 2091 legibus

328 2140 522 2215 repugnent.
568 2127 764 2213 Quicunque
788 2141 898 2192 tamen
922 2127 993 2190 talis
1016 2127 1138 2210 peccati
1154 2147 1272 2210 poenas

331 2253 418 2330 luat,
458 2250 533 2312 licet
565 2269 679 2312 earum
711 2247 872 2312 rationem
905 2269 972 2313 nou
1008 2249 1118 2312 statim
1147 2249 1271 2332 perspi·

329 2371 414 2434 ciens
425 2370 571 2433 Deorum
583 2367 789 2452 iniquitatem
800 2381 946 2444 accuset,
967 2389 1044 2432 eum
1060 2371 1193 2434 tandem
1215 2371 1274 2434 ali-

327 2493 460 2577 quando
503 2513 536 2556 se
579 2489 748 2576 deliquisse
780 2491 1022 2574 professurum,
1061 2489 1271 2576 divinamque

329 2614 521 2700 agniturum
550 2611 760 2694 sapientiam,
800 2632 904 2696 quae,
940 2611 1087 2696 quemvis
1123 2612 1274 2682 homines

329 2756 422 2818 saepe
439 2737 557 2810 lateat,
580 2747 667 2798 certa
690 2745 801 2798 tamen
821 2747 854 2798 et
865 2733 1024 2797 constanti
1036 2733 1161 2798 ratione
1173 2755 1270 2798 mun·

329 2857 411 2922 dum
438 2877 552 2942 regere
584 2865 710 2942 pergat.
757 2853 804 2920 Ut
837 2855 948 2937 paucis
976 2856 1270 2938 comprehendam,

329 2977 503 3066 Aeschylus
544 2975 789 3041 necessitudines
828 2995 911 3060 quae
935 2974 1062 3039 homini
1094 2997 1170 3040 cum
1205 2975 1272 3040 Diis

329 3100 530 3164 intercedant
561 3099 776 3183 ordinemque
804 3111 837 3162 et
861 3099 977 3163 seriem
999 3119 1202 3175 caussarum,
1237 3098 1271 3162 in

328 3217 506 3284 hominum
529 3219 594 3282 vita
618 3218 769 3283 divinitus
789 3219 909 3284 sancita
935 3219 1094 3303 explicare
1114 3220 1249 3284 studuit.

376 3341 416 3404 111
440 3339 564 3404 Persis
588 3339 737 3423 superbia
768 3352 799 3404 et
822 3341 985 3405 temeritas
1008 3341 1124 3406 Xerxis
1147 3341 1272 3407 divino:

329 3484 408 3527 rum
442 3463 651 3527 oraculorum
682 3464 857 3527 adveutum
884 3475 1042 3541 maturat3
1078 3467 1218 3529 eundern
1237 3464 1272 3527 in

330 3582 557 3676 Suppliciter
572 3585 715 3650 retardat
735 3582 919 3648 Danaidum
939 3584 1051 3668 pietas.
1068 3617 1109 3630 -
1132 3586 1272 3672 Erinnys

326 3727 414 3790 quae
433 3706 467 3769 iu
492 3705 659 3788 improbos
681 3705 764 3770 filios
784 3705 890 3784 irruit,
909 3719 947 3771 ut
964 3707 1064 3791 patris
1083 3709 1273 3774 exsecratio·

331 3847 385 3890 nes
408 3840 496 3891 ratae
518 3827 614 3901 fiant,
639 3826 810 3892 exhibetur
833 3827 866 3890 iu
889 3821 1022 3916 Septem
1043 3841 1165 3896 eontra
1189 3827 1271 3896 Tire-

333 3945 404 4014 bas.
433 3977 473 3989 -
504 3945 731 4014 Prometheus
753 3951 889 4014 uinctus
910 3951 1079 4034 superbiae
1102 3965 1134 4016 et
1157 3965 1272 4016 contu-

334 4071 455 4136 maciae
479 4093 597 4154 poenas
620 4071 692 4136 luit.
706 4063 906 4138 -Vindicta
927 4073 1052 4149 divina,
1076 4095 1118 4137 ne
1135 4073 1275 4140 honeuis
1329 4132 1335 4142 ,
