3016 5000
760 325 917 383 ...78-

369 521 408 584 de
433 519 570 586 Helenae
594 523 728 605 perfidia
759 524 879 590 flebiles
915 528 1020 592 fundit
1044 529 1307 609 lamentationes,

368 642 486 726 quibus
509 645 549 707 de
573 643 701 730 integro
723 645 892 734 subjungit
913 651 1106 715 sententiam
1130 650 1230 732 hanc,
1258 653 1308 719 in·

368 765 466 828 felicis
490 764 538 828 llii
562 769 713 850 exemplo
735 780 905 833 testatam:
1014 813 1016 818 ν

590 892 673 954 Δίκα
700 889 734 954 δὲ
757 888 873 974 λάμπει
897 893 954 974 μὲν
979 895 1013 957 ἐν

589 1009 776 1084 δυσκάπνοις
806 1010 946 1094 δώμασιν

586 1130 642 1198 τὸν
663 1133 692 1198 δ’
701 1135 861 1216 ἐναίσιμον
882 1135 940 1198 τίει
955 1136 1037 1222 siloc.
1061 1132 1303 1226 (rs.752sqq.).

362 1255 463 1320 Porro
480 1255 775 1342 Agamemnonem
799 1255 1023 1320 advenientem
1059 1256 1197 1344 benigne
1232 1259 1303 1342 qui-

360 1379 456 1451 dem,
490 1377 546 1440 sed
582 1385 706 1440 moesto
738 1378 832 1441 vultu
854 1379 989 1452 salutat,
1014 1399 1120 1463 neque
1138 1379 1301 1463 judicium

360 1501 467 1577 celat,
501 1499 590 1582 quod
624 1499 663 1561 de
692 1499 759 1581 ejus
789 1497 973 1561 temeritate
1007 1510 1040 1563 et
1062 1515 1155 1565 antea
1178 1503 1301 1568 tulisset

359 1631 391 1680 et
425 1618 520 1682 hodie
556 1619 650 1682 ferat.
695 1617 768 1681 Post
801 1637 902 1692 uero,
938 1639 977 1683 eo
1010 1623 1101 1685 aedes
1135 1623 1299 1701 intrante,

357 1740 526 1822 desperare
557 1760 588 1802 se
611 1741 651 1802 de
685 1740 752 1822 ejus
774 1741 876 1803 salute
899 1741 1061 1816 affirmat,
1086 1763 1192 1828 neque
1215 1749 1298 1810 cala-

356 1859 506 1925 mitatem
540 1861 705 1945 aliquam,
739 1861 794 1924 sed
828 1881 941 1926 necem
966 1873 1096 1926 mutum
1118 1866 1295 1948 deprecari.

358 1983 416 2070 (vs.
438 1981 505 2046 966
529 1995 561 2046 et
584 1983 648 2046 982
671 1978 761 2069 sqq.)

398 2101 468 2167 Hac
491 2116 599 2167 mente
622 2101 765 2166 animata
788 2116 820 2167 et
840 2101 1022 2169 Calchantis
1045 2108 1175 2169 oracula
1196 2108 1295 2170 remi·

353 2223 507 2297 niscitur,
543 2237 575 2290 et
608 2223 692 2308 regis
720 2225 842 2288 facinus
865 2227 999 2288 damnat
1021 2226 1120 2289 simul
1142 2227 1294 2312 idemque

352 2345 582 2430 conqueritur,
618 2355 650 2407 et
683 2345 716 2406 in
749 2346 918 2408 communi
951 2345 1071 2410 laetitia
1101 2351 1292 2432 scrupulum

352 2467 455 2552 injicit
487 2477 707 2550 spectatorum
743 2466 880 2544 animis;
926 2487 1058 2551 quoque
1092 2469 1293 2533 manifestior

351 2611 466 2654 corum
490 2589 588 2654 oculis
611 2589 805 2672 proponitur
836 2588 921 2674 regis
954 2588 1107 2666 felicitas,
1139 2610 1177 2655 eo
1199 2589 1292 2654 ssebi-

349 2712 442 2780 liores
464 2711 578 2774 modos
601 2710 666 2793 ipse
691 2731 805 2774 cancre
827 2708 979 2773 instituit.

392 2832 548 2897 Videmus
563 2853 642 2918 ergo
661 2829 809 2895 Chorum
822 2830 922 2894 firmo
935 2831 1159 2914 constantique
1179 2832 1291 2895 animo

348 2955 493 3044 (qualem
513 2955 655 3038 personis
667 2953 729 3018 suis
742 2953 886 3017 tribuere
902 2955 981 3017 solet
993 2952 1183 3042 Aeschylus)
1196 2953 1291 3038 justi·

347 3078 425 3142 tiam
451 3093 483 3141 et
505 3078 661 3159 pietatem
687 3077 837 3139 laudare:
862 3075 1008 3140 videmus
1030 3077 1098 3160 ejus
1123 3074 1287 3156 διάνοιαν,

279 3205 282 3214 “
347 3200 390 3262 ita
423 3219 625 3280 expressam,
667 3209 705 3260 ut
739 3199 871 3280 qualem
906 3196 1030 3260 exitum
1061 3197 1213 3261 habitura
1247 3197 1288 3260 sit

346 3319 456 3383 fabula
475 3319 584 3383 statim
601 3331 810 3424 agnoscatur:
834 3318 931 3381 simul
954 3330 1090 3400 apparet
1109 3318 1288 3398 cinerentur
1328 3375 1332 3384 .

346 3441 540 3525 Aeschyleae
556 3438 758 3522 simplicitas,
783 3451 941 3520 quatenus
954 3459 1085 3514 eorum,
1109 3459 1192 3522 qnae
1208 3438 1287 3503 acti·

345 3583 443 3627 onem
475 3549 691 3643 praecedunt,
724 3558 897 3642 praecipua
931 3581 1003 3642 pars
1034 3558 1144 3626 Chcrc
1167 3559 1286 3623 tribui.

344 3700 400 3750 tur
415 3681 474 3772 (l).
520 3681 593 3747 Jam
617 3681 729 3746 incidit
759 3680 1020 3764 pulcherrimum
1044 3682 1124 3745 illud
1148 3679 1285 3747 Cassan·

379 3887 423 3959 (1)
442 3895 529 3962 Quam
548 3893 654 3944 dlrersa
676 3891 803 3952 ratione,
832 3895 991 3958 quantoque
1016 3891 1119 3955 malote
1146 3893 1206 3944 arte
1235 3903 1285 3942 no·

343 3995 407 4045 dum
434 3991 559 4056 implicat
585 3987 751 4054 Sophocles,
781 4003 823 4041 ex.
851 3999 894 4054 gt.
923 3984 952 4040 lu
982 3987 1097 4041 Electra.
1134 3987 1175 4041 tul
1202 4001 1284 4040 scena

342 4089 492 4144 identidem
522 4089 643 4147 mutata,
669 4085 843 4152 Paedagogt,
872 4086 991 4144 Orestis,
1020 4086 1158 4146 Electrae,
1180 4084 1285 4148 cncrl,
