2902 5004
527 421 686 480 -17-

135 642 229 695 vocat
242 627 302 716 (1),
324 627 485 690 notandus
506 636 551 686 est
563 641 671 686 sermo
685 617 838 704 Aeschyli
851 618 965 683 nobilis
978 632 1075 703 atque

136 750 262 838 gravis,
294 747 350 833 qui
375 744 574 811 sublimitate
599 755 631 805 et
658 741 814 828 dignitate
850 742 1006 807 excellens
1026 739 1073 829 (2)

136 885 169 936 ct
191 869 310 937 crebris
334 865 518 953 imaginum
542 861 720 926 luminibus
741 861 924 938 distinctus,
949 861 1078 948 egregie

134 993 301 1078 splendido
317 996 446 1074 σνρριατι
463 985 622 1060 convenit,
644 1006 711 1069 quo
727 1005 878 1068 personas
892 1005 963 1048 suas
980 986 1079 1066 posita

135 1115 264 1200 prodire
291 1112 395 1197 jussit.
445 1106 561 1174 Verbis
587 1128 680 1190 saepe
716 1106 821 1170 utitur
854 1105 1013 1170 translatis
1040 1118 1073 1168 et

136 1236 240 1312 norim
256 1234 425 1296 cumulare
439 1231 519 1295 solet
538 1229 695 1313 epitheta3
717 1228 830 1292 audaci
845 1227 1078 1312 compositione

135 1355 283 1441 longiora
314 1373 551 1438 nonnunquam
583 1362 615 1414 et
641 1350 827 1415 obscuriora
856 1349 1012 1414 vocabula
1034 1386 1078 1399 -

137 1475 296 1555 γλώσσας,
320 1513 360 1524 -
382 1474 495 1560 tingit3
524 1471 635 1536 omnia
660 1471 800 1556 denique
830 1484 970 1536 sectatur
994 1493 1077 1557 quac

137 1596 298 1660 ambitum
322 1593 473 1658 orationis
491 1593 693 1676 amplificant
707 1592 768 1682 (3).
815 1591 1078 1678 Grandiloquen·

136 1717 180 1781 tia
198 1719 279 1780 haec
301 1716 335 1778 in
359 1713 458 1780 Chori
484 1715 627 1778 maxime
650 1713 796 1798 partibus
820 1714 992 1798 conspicua
1016 1728 1075 1792 est3

135 1837 168 1901 in
195 1825 349 1922 episodiis
377 1849 492 1900 contra
514 1835 756 1919 simplicitatem
779 1837 886 1920 potius
911 1850 944 1901 et
963 1860 1079 1920 συμμε-

134 1959 225 2043 τρίαν
261 1959 412 2042 antiquae
442 1977 579 2020 normae
601 1958 758 2040 sequitur.
804 1955 901 2020 Nullo
925 1960 993 2020 lere
1022 1976 1074 2020 or-

135 2091 214 2140 natu
243 2077 423 2141 verborum
452 2077 649 2140 constructio
685 2077 784 2154 nitet;
831 2097 905 2142 raro
936 2078 1079 2142 concisae

135 2200 279 2260 eduntur
311 2198 506 2276 sententiae3
543 2218 651 2262 sermo
686 2200 726 2264 ad
751 2200 890 2283 prolixas
912 2201 1079 2283 epicorum

136 2318 335 2382 narrationes
371 2319 503 2383 accedit.
551 2316 625 2405 Quo
661 2321 826 2404 pertinent
854 2322 951 2387 etiam
973 2335 1079 2406 partes

136 2439 336 2504 Nuntiorurn
370 2479 412 2493 —
449 2447 549 2526 ῥήσεις
578 2441 745 2521 οἰνγιλικοιί
773 2481 817 2494 -
853 2442 894 2508 ab
919 2442 1078 2530 Aeschylo

136 2565 284 2626 inventae
298 2561 367 2650 (4),
391 2583 476 2647 quae
498 2563 644 2627 medium
667 2563 752 2628 inter
772 2564 937 2652 dialogum
963 2578 995 2628 et
1009 2586 1078 2629 car-

135 2705 211 2746 men
235 2685 404 2748 chorlcum
429 2684 620 2748 obtinebant
641 2687 765 2750 locum.

178 2802 340 2870 Hactenus
363 2827 413 2870 eas
433 2807 614 2893 tragoediae
647 2821 753 2891 partes
787 2808 972 2895 tetigimus,
993 2829 1076 2892 quae

134 2925 273 2990 dramati
293 2927 486 2991 necessariae
505 2941 631 2992 suntet
652 2951 670 2990 a
692 2928 811 3012 quibus
833 2941 902 2990 tota
923 2929 990 3010 ejus
1011 2927 1076 2990 exi-

135 3045 277 3108 stimatio
308 3049 427 3127 pendet
448 3045 509 3130 (5).
556 3046 611 3110 His
631 3047 792 3111 recensitis
817 3047 1000 3114 Aristoteles
1021 3070 1079 3113 an·

137 3193 295 3207 ——u-

173 3273 217 3346 (1)
235 3283 310 3336 Orat.
330 3284 387 3346 tlt,
408 3299 471 3349 pag.
490 3285 555 3338 tot.

173 3373 217 3442 (2)
235 3381 292 3434 Hoc
311 3367 352 3434 est
369 3382 553 3435 Horatiorum
571 3383 659 3436 illud:
688 3385 785 3437 docuit
812 3399 983 3452 narransque
1000 3389 1078 3452 loqui

136 3482 187 3528 etc.
206 3477 255 3542 Ep.
274 3479 311 3530 ad
329 3477 381 3531 Pis.
401 3494 441 3532 rs.
460 3480 516 3533 280
534 3494 592 3544 sqq.

172 3567 215 3638 (3)
234 3575 382 3641 Blograph.
396 3578 511 3630 Aeson:
531 3576 612 3632 κατὰ
630 3571 663 3632 δὲ
677 3577 729 3642 τὴν
748 3575 869 3635 σύνθετον
882 3578 934 3644 τῆς
948 3577 1079 3646 ποιήσεως
1127 3595 1130 3604 ·

137 3664 222 3738 ζηλοῖ
240 3666 272 3722 το
293 3664 372 3737 ἁδρὸν
392 3666 437 3724 νἰεῑ
464 3672 512 3728 καὶ
541 3671 686 3742 πλάσμα,
717 3669 945 3744 ὀνοματοποιίαις
976 3695 1010 3732 τε
1030 3678 1079 3732 καὶ

135 3758 289 3830 ἐπιθέτοις,
317 3760 362 3822 ἔτι
392 3761 423 3821 δὲ
451 3763 631 3840 μεταφοραῖς
659 3769 708 3826 καὶ
734 3771 804 3828 πᾶσι
829 3774 891 3840 τοῖς
917 3771 1079 3842 δυναμένοις

134 3857 219 3932 ’ὄγκον
239 3863 275 3931 τῇ
294 3856 395 3932 <bedun
415 3863 561 3934 aspcicient
581 3863 734 3938 χρώμενος.

173 3954 217 4025 (4)
236 3961 362 4016 Philostr.
382 3963 445 4017 Vlla
464 3965 547 4030 soph.
568 3969 604 4032 1,
624 3969 651 4020 9.

174 4050 215 4124 (5)
234 4059 347 4114 Aristot.
366 4060 392 4114 C.
412 4061 440 4113 6.
479 4053 517 4112 ‘H
547 4059 602 4130 γὰρ
633 4059 683 4127 τῆς
710 4061 868 4137 τραγῳδίας
895 4061 1080 4135 δύναμιςκαὶ

138 4147 203 4206 ἄνευ
223 4148 331 4222 ἀγῶνος
351 4150 679 4226 naturamnatural.
792 4190 795 4198 ·

994 4271 1009 4324 2
