3016 5000
608 349 765 410 ..97-

218 549 285 615 sine
311 552 376 614 ulla
404 548 621 614 misericordia
645 562 676 612 et
700 548 741 612 ab
769 547 920 612 omnibus
944 550 1086 614 desertus
1110 549 1159 614 in·

220 684 321 736 tercat
335 669 395 759 (1).

260 791 364 858 Seena
385 793 506 856 iterum
530 801 674 864 mutata,
697 788 843 855 Minerva
863 810 939 854 cum
962 791 1082 856 selectis
1105 793 1156 875 ju·
1191 867 1194 876 Ι

215 914 337 979 di'cibus
370 912 583 996 conspicitur,
619 933 701 996 quae
734 933 792 994 per
828 931 1022 994 praeconem
1051 932 1156 995 popu-

95 1057 99 1066 ·
213 1036 285 1098 lum
319 1035 411 1100 silere
434 1046 466 1098 et
490 1032 602 1096 Furias
624 1030 773 1116 primum
796 1013 896 1096 verba
926 1034 1031 1097 facere
1050 1031 1155 1116 jubet.

216 1153 392 1244 (Praecedit
424 1155 500 1219 levis
531 1153 708 1218 Furiarum
736 1173 813 1216 cum
839 1149 989 1236 Apolline
1022 1155 1155 1218 alterea-

214 1278 271 1353 tio,
295 1277 352 1362 qui
373 1276 480 1340 subito
497 1277 622 1340 adstans
640 1286 672 1338 et
692 1275 771 1358 quid
794 1296 832 1339 ea
854 1295 961 1339 caussa
984 1277 1024 1340 ad
1046 1276 1154 1361 ipsum

215 1397 377 1482 pertineat
411 1409 542 1484 rogatus
572 1397 765 1479 respondet,
799 1396 920 1478 pariter
951 1417 984 1460 se
1015 1407 1047 1460 et
1079 1409 1155 1461 tan·

213 1540 314 1604 quam
353 1539 459 1606 reum·
483 1531 515 1582 et
548 1527 706 1602 tanquam
744 1528 860 1581 testem
892 1515 1025 1606 venire.)
1078 1516 1152 1582 Jam

214 1637 362 1704 Orestem
388 1637 513 1704 Chorus
537 1637 662 1704 concise
686 1639 726 1702 de
756 1637 857 1702 caedis
879 1639 1031 1714 veritate,
1055 1639 1155 1704 ratio-

212 1782 276 1835 ne,
299 1770 449 1835 auctore,
474 1779 584 1823 coram
604 1758 766 1842 judicibus
790 1759 969 1845 interrogat
994 1760 1053 1846 (vs.
1074 1761 1155 1824 502-

213 1877 313 1966 5lt);
351 1879 515 1962 Apollini,
551 1879 608 1962 qui
631 1877 749 1943 Orestis
775 1881 816 1944 ad
840 1881 1000 1966 angustias
1023 1883 1154 1948 adducti

118 2086 119 2094 ἵ
212 2013 318 2085 partes
340 2009 471 2078 tuetur,
495 1999 696 2086 argumentis
720 2012 753 2064 et
781 2001 1018 2086 quaestionibus
1041 2003 1154 2067 adver-

212 2136 323 2202 satur,
347 2136 379 2188 et
402 2143 527 2187 caussae
549 2143 624 2186 suae
647 2121 769 2205 justitia
791 2124 892 2186 fretus
915 2121 1078 2187 concludit
1106 2123 1154 2187 di·

212 2245 337 2322 cendo,
360 2265 438 2308 eum
461 2246 582 2308 frustra
605 2240 712 2309 Oresti
736 2245 861 2318 favere,
885 2263 986 2327 quem
1009 2254 1154 2322 constet,

135 2340 138 2348 ¹
212 2366 267 2430 tali
290 2365 432 2438 facinore
454 2351 661 2448 perpetrato,
686 2363 747 2428 rite
770 2364 803 2426 in
826 2363 930 2446 patria
953 2363 1153 2451 Argivorum
1229 2375 1238 2410 '-

210 2488 283 2552 sede
309 2485 413 2550 vivere
436 2505 502 2549 non
525 2505 614 2569 posse
637 2483 697 2574 (vs.
720 2482 904 2568 stt-602).

256 2607 403 2671 Tandem
427 2620 602 2691 postquam
620 2605 737 2692 Apollo
760 2607 940 2691 supplicem
964 2609 1040 2672 deae
1064 2629 1153 2674 com-

211 2726 399 2804 mendavit,
434 2740 467 2792 et
502 2726 757 2814 Agamemnonis
790 2739 932 2792 mortem
968 2727 1152 2814 graviorem

210 2872 312 2936 quam
335 2848 611 2936 Clytaemnestrae
634 2851 749 2925 fuisse,
778 2850 846 2913 imo
869 2861 997 2931 patrem
1020 2849 1153 2934 proprie

210 2971 268 3033 filii
290 2983 461 3053 parentem
484 2991 548 3034 esse
582 2970 680 3052 ipsius
711 2968 875 3056 Minervae
910 2981 987 3031 ortu
1020 2968 1151 3046 docuit,

210 3092 270 3156 dea
291 3111 363 3154 rem
385 3090 458 3154 satis
481 3092 683 3174 exploratam
710 3111 775 3154 esse
796 3089 956 3176 significat
978 3100 1011 3155 et
1030 3089 1152 3174 judices

209 3210 362 3297 suffragia
386 3213 471 3274 ferre
486 3205 610 3295 jubens
641 3210 851 3295 pronuntiat,
881 3232 914 3274 se
941 3222 1053 3276 sancto
1076 3211 1153 3276 huic

210 3329 481 3419 Areopagitarum
506 3332 636 3397 consilio
658 3353 771 3398 rerum
794 3331 981 3416 capitalium
992 3331 1153 3418 judicium

209 3456 244 3518 in
268 3473 366 3518 omne
389 3467 519 3538 tempus
542 3455 756 3519 committere.

252 3575 359 3640 Sortes
381 3577 415 3640 iu'
437 3577 573 3642 sitellam
608 3576 845 3660 conjiciuntur:
880 3578 961 3640 dum
982 3576 1100 3660 Apollo
1122 3589 1155 3640 et

209 3695 327 3762 Furiae
356 3697 506 3780 judicum
550 3697 697 3774 animos,
734 3700 793 3761 hae
828 3696 946 3775 minis,
981 3697 1033 3760 ille
1067 3696 1153 3761 lovis

208 3818 420 3894 auctoritate,
442 3818 612 3883 sollicitare
642 3831 796 3906 pergunt.
843 3817 969 3884 Ultima
992 3820 1153 3883 calculum

132 4011 136 4018 ’
245 4018 288 4090 (1)
308 4028 349 4079 lta
380 3991 454 4080 recta
480 4032 670 4090 argumentum
702 4027 782 4096 huius
826 4026 955 4080 carminis
983 4001 1157 4080 adumbrarit

212 4124 237 4175 J.
256 4123 412 4180 llincluitz
432 4124 461 4178 ln
481 4125 629 4179 comment.
649 4139 676 4188 p.
697 4125 751 4178 144
772 4138 811 4187 sq.

1031 4214 1045 4272 l
