3016 5000
480 359 482 364 ·
572 328 729 392 *Sl-

182 531 365 613 paullulum
401 547 477 590 cum
512 527 618 590 amico
653 525 794 601 recedit,
819 545 884 610 quo
908 526 1021 590 melius
1045 509 1123 612 qnid
1227 617 1230 626 Δ

182 643 296 737 agatur
319 645 454 734 audiat(
478 649 503 733 ).

225 771 389 836 Prodeant
411 782 565 834 uu'nrnars
587 790 800 834 cnannarvan
814 771 871 858 (vs.
889 771 951 834 169
963 771 1011 836 ed.
1025 771 1121 840 Wei-

181 893 313 980 lauer.),
336 894 423 957 bello
446 904 557 974 captae
580 887 719 978 (vs.75)3
738 891 813 955 atris
833 891 971 957 vestibus
991 891 1121 956 indutae

181 1037 226 1082 vs.
238 1014 309 1100 11),
319 1013 450 1078 Electra
461 1011 544 1078 duce
557 1012 731 1104 inferiasin
743 1015 929 1096 sepulcrum
942 1013 1120 1100 Agamem-

180 1138 273 1202 nonis
286 1138 440 1209 serentes,
455 1155 596 1218 quarum
610 1155 752 1198 caussam
767 1135 895 1216 chorico
907 1133 1053 1200 carmine
1066 1157 1121 1200 exe

180 1259 312 1340 plicant.
347 1253 487 1318 Narrant
501 1251 813 1337 Clytaemnestram,
836 1276 941 1340 quum
953 1257 1118 1340 superiore

129 1433 132 1442 .
181 1389 276 1441 nocte
289 1389 411 1440 tetrum
425 1373 551 1438 vidisset
564 1375 741 1452 somnium,
766 1352 1033 1460 exidterpretnm
1050 1399 1122 1442 sen·

181 1499 282 1564 tentia
294 1522 312 1563 a
325 1497 472 1562 Manibus
485 1495 739 1579 Agamemnonis
753 1497 948 1578 immissum,
965 1497 1120 1563 libamina

181 1623 214 1684 in
226 1623 353 1712 tumulo
365 1618 530 1681 fundenda
543 1617 616 1700 ipsis
628 1617 845 1683 demandasse.
878 1617 974 1703 Quod
988 1641 1119 1695 munus,
1137 1695 1140 1702 Ι

179 1739 325 1824 quamvis
349 1737 411 1801 rite
433 1737 664 1823 aggrediantur
679 1750 719 1801 et
739 1743 866 1804 luctum
889 1741 1014 1804 laniatis
1032 1743 1121 1827 genis

177 1851 339 1944 scissisque
370 1857 507 1923 vestibus
538 1879 616 1942 prae
646 1879 679 1922 se
714 1861 839 1936 ferant,
872 1861 987 1926 invitas
1010 1873 1122 1926 tamen

176 2002 209 2045 se
232 1979 421 2062 suscepisse,
452 1999 557 2063 quum
580 1978 719 2042 timeant
742 1991 818 2044 vota
842 2001 905 2064 pro
927 1983 1028 2045 salute
1051 1983 1120 2066 ejus

177 2105 298 2178 facere,
323 2121 416 2185 quae,
434 2099 535 2182 impia
547 2098 655 2162 mariti
676 2101 778 2164 caede·
793 2115 993 2184 perpetrata,
1017 2105 1120 2190 regias

78 2228 80 2233 ’
177 2223 269 2286 aedes
292 2221 419 2286 tristitia
441 2232 473 2284 et
496 2221 586 2284 luctu
610 2219 779 2286 afflixisset.
826 2219 1007 2288 Sceleribus
1031 2225 1132 2318 enim¹

175 2343 353 2408 vindictam
376 2341 567 2417 imminere,
592 2362 651 2404 nec
674 2343 827 2418 caedem,
851 2365 935 2428 quae
958 2345 1117 2409 ultionem

176 2465 319 2551 flagitet,
354 2464 447 2528 aliter
478 2463 539 2527 nisi
574 2466 669 2528 caede
705 2464 825 2547 placari
861 2484 961 2547 posse.
984 2501 1029 2516 —
1062 2465 1118 2530 His

175 2586 292 2650 ultimo
316 2587 386 2650 loco
410 2587 555 2669 querelas
583 2585 740 2669 adjiciunt
764 2586 803 2648 de
829 2586 911 2650 tristi
933 2607 990 2651 sua
1012 2601 1116 2662 sorte,

176 2707 297 2791 quippe
334 2728 417 2790 quae
443 2707 553 2770 omnia
578 2706 717 2790 probare
741 2706 879 2772 debeant
910 2730 993 2793 quae
1017 2731 1036 2773 a
1060 2711 1117 2774 do·
1186 2714 1189 2722 '

174 2828 265 2893 mina
288 2841 539 2917 perpetrentur,
568 2828 633 2892 sive
668 2831 752 2913 justa
784 2829 849 2893 sive
880 2829 998 2914 injusta
1028 2831 1116 2908 sint,

175 2970 277 3034 eoque
300 2971 332 3012 se
356 2949 458 3035 magis
480 2948 673 3012 exstinctum
697 2949 983 3035 Agamemnonem
1006 2954 1118 3039 lugere

113 3137 116 3148 Ι
175 3071 265 3154 quod
288 3069 432 3152 ipsarum
457 3068 621 3144 conditio,
650 3069 691 3132 ab
724 3069 860 3154 injustae
883 3073 1012 3158 reginae
1034 3087 1117 3138 nutu

136 3191 140 3198 ’
173 3191 335 3274 pendens,
361 3192 539 3255 admodum
565 3191 687 3256 ineerta
710 3193 832 3256 ratione
854 3215 886 3258 se
909 3191 1030 3260 habeat
1056 3197 1115 3284 (vs.

174 3312 309 3400 aa-sr).
1029 3301 1033 3310 '

217 3432 295 3499 Mox
333 3435 481 3501 Electrae
521 3436 660 3502 incertae
706 3447 737 3501 et
777 3437 966 3516 haesitanti,
1001 3443 1114 3526 quales

172 3579 281 3642 preces
315 3557 498 3644 quibusque
532 3560 637 3625 verbis
672 3560 774 3633 dicat,
809 3561 963 3638 suadent,
998 3573 1036 3624 ut
1065 3564 1112 3626 fe·

174 3680 270 3744 licem
293 3679 413 3746 Orestis
435 3682 580 3746 reditum
602 3704 622 3746 a
645 3681 702 3746 diis
725 3691 894 3764 precetur,
919 3695 1053 3765 oretque
1079 3694 1118 3744 ut

175 3803 348 3888 aliquando
381 3803 481 3887 patris
515 3817 657 3868 mortem
689 3804 869 3868 ulciscendo
905 3801 1013 3866 amicis
1055 3802 1117 3866 suis

172 3922 333 3936 ——n-

215 3975 256 4042 (1)
278 3980 421 4045 Eleganter
440 3984 512 4034 hauc
530 3985 648 4036 tabulam
667 3981 809 4036 enarravit
818 3979 938 4033 Westrik
959 3981 1016 4042 1.1.,
1036 3991 1116 4042 quem

174 4078 277 4143 passim
293 4094 352 4133 sum
371 4083 489 4133 secutus.

1002 4183 1019 4233 6
