2902 5004
707 334 863 387 -44-

314 534 492 618 desperatio
523 546 555 597 et
582 533 675 596 fletus
700 553 780 617 quos
816 534 940 610 edunt,
972 545 1045 598 tunt
1082 535 1168 602 illius
1195 539 1260 603 vio·

315 657 413 721 lentis
449 669 481 720 et
507 632 696 720 subsecutio
728 653 877 737 deinceps
908 653 1026 742 Pelasgi
1060 657 1181 722 reditus
1201 657 1256 748 (1)

315 779 490 860 pulchrum
526 789 638 840 actum
662 775 808 839 efficiunt
838 773 1031 860 variantque
1055 780 1255 864 tragoediam

314 898 502 986 centumalo
519 913 550 962 et
574 911 666 960 motu
692 896 837 982 tragico,
861 900 991 981 qualem
1021 899 1054 962 in
1076 898 1176 965 Persis
1201 903 1257 966 de·

312 1021 499 1087 sideramus.
556 1017 659 1104 Hujus
682 1033 793 1083 autem
819 1017 927 1103 quarti
951 1033 1063 1098 cantus
1091 1023 1149 1110 (vs.
1173 1025 1255 1087 757·
1352 1053 1356 1060 ·

312 1139 391 1230 815)
425 1141 495 1206 talis
532 1155 579 1205 est
612 1139 713 1215 ratio,
755 1161 795 1202 ex
831 1161 897 1225 qua
935 1122 1028 1205 facile
1062 1157 1257 1225 spectatores

312 1261 456 1326 hostium
480 1262 658 1326 adventum
682 1260 855 1344 conjiciant
889 1263 930 1325 ad
954 1283 1097 1348 eumque
1120 1286 1255 1349 praepa-

311 1395 438 1447 rentur.
495 1379 598 1466 Quale
643 1385 834 1464 futurorum
881 1385 1058 1470 augurium
1102 1387 1254 1451 omnium

311 1506 379 1568 fere
402 1505 643 1590 tragoediarum
667 1503 839 1586 proprium
874 1518 908 1568 et
935 1505 1096 1594 Aeschylo
1120 1508 1254 1572 solitum

311 1647 396 1700 esse,
430 1640 589 1707 utsupra
620 1626 687 1710 jam
712 1623 1020 1703 animadvertimus,
1054 1629 1097 1693 ita
1129 1631 1254 1713 saepius

310 1741 446 1828 posthae
469 1744 649 1808 videbimus
667 1742 729 1831 (2).
775 1727 873 1830 Quod
897 1760 1007 1812 autem
1044 1749 1251 1832 choricorum

310 1866 496 1930 carminum
531 1869 619 1952 sylva
657 1868 747 1930 nullo
774 1867 815 1931 sit
838 1869 974 1933 artificio
998 1869 1164 1953 disposita,
1198 1872 1252 1945 id,

310 1987 369 2052 nisi
394 1990 508 2064 fallor,
540 2010 578 2052 ex
602 1989 789 2075 argumenti
811 1989 938 2053 ratione
962 2000 1067 2074 potest
1091 1994 1252 2076 quodam·

312 2111 410 2174 modo
442 2109 604 2193 explicari.
661 2107 779 2194 Quales
816 2110 904 2174 enim
942 2130 1142 2196 proponere'
1161 2113 1253 2178 nobis

309 2233 466 2296 Danaides
490 2213 586 2314 nocta
612 2229 740 2308 voluit?
785 2231 877 2294 Tales
900 2231 1082 2322 nimirum,
1107 2254 1190 2317 quae
1210 2231 1253 2296 ob

310 2352 465 2416 eximiam
482 2351 636 2434 pietatem
657 2348 744 2414 Jovis
762 2370 841 2413 cura
858 2362 972 2412 tutum
993 2351 1052 2413 sihi
1076 2352 1249 2434 hospitium

309 2472 501 2537 invenirent.
545 2471 589 2536 Et
610 2473 688 2536 tales
708 2471 806 2535 etiam
832 2469 865 2534 in
884 2492 985 2538 scena
998 2471 1251 2554 conspiciuntur.

308 2591 412 2668 Nam,
447 2593 674 2660 decedentibus
701 2593 855 2676 reliquis,
890 2615 945 2657 eae
977 2595 1061 2656 solae
1091 2607 1251 2677 perpetuo

308 2717 342 2778 in
363 2736 457 2778 scena
484 2727 633 2792 manent,
658 2727 692 2776 et
716 2713 819 2776 varios
841 2713 941 2777 animi
964 2728 1091 2792 motus,
1123 2716 1252 2781 diversis

309 2837 476 2923 agentium
500 2834 605 2898 verbis
630 2833 859 2918 sententiisque
881 2835 1028 2910 effectos,
1052 2836 1252 2900 carminibus

308 2957 516 3041 exprimunt:
542 2954 668 3020 —sive
691 2968 802 3019 autem
829 2958 935 3034 laeta,
958 2957 1024 3022 sive
1047 2958 1153 3022 tristia
1178 2981 1251 3024 eve·

308 3081 415 3154 nient,
439 3079 472 3142 in
493 3079 644 3143 omnihus
663 3100 765 3164 aeque
790 3081 928 3144 deorum
949 3101 1126 3160 memores,
1151 3083 1250 3146 modo

308 3199 380 3266 lovi
403 3201 521 3286 gratias
544 3213 666 3287 agunt,
692 3202 790 3265 modo
810 3201 903 3265 enixe
921 3201 1105 3286 supplicant
1128 3216 1160 3267 et
1183 3225 1251 3267 cre·

270 3373 272 3377 .
308 3325 381 3388 bras
404 3322 526 3406 ubique
554 3343 665 3404 preces
699 3322 878 3386 admiscent
892 3318 951 3408 (3)
998 3320 1089 3405 Ipsae
1111 3323 1251 3408 virgines

307 3448 397 3510 velut
428 3442 613 3526 praemium
646 3441 844 3505 certantibus
868 3443 902 3505 in
930 3443 1039 3505 medio
1066 3455 1143 3506 sunt
1172 3463 1250 3526 pro·

309 3565 452 3648 positae3
487 3564 543 3626 sed
576 3562 755 3649 ingruentis
790 3561 860 3626 Fati
904 3563 1066 3645 impetum
1098 3565 1252 3652 religione

309 3708 467 3722 nna——

347 3779 390 3848 (1)
408 3785 453 3836 Sic
471 3797 515 3848 sp.
532 3783 696 3847 Sophoclem
727 3796 774 3834 rex
791 3769 910 3834 Theseus
928 3783 1071 3836 Creontem
1092 3790 1167 3840 arcet
1186 3787 1252 3839 Oed.

310 3884 366 3934 Col.
387 3897 424 3934 vs.
445 3883 499 3934 886
518 3895 575 3944 sqq.
596 3855 637 3932 ed.
657 3881 746 3934 Herm.
766 3879 819 3930 2⁸0.

348 3972 392 4043 (2)
410 3981 485 4032 cont.
507 3977 652 4030 Wellaueri
671 3977 772 4042 disput
793 3989 876 4040 supra
896 3977 970 4029 laud·
991 3993 1017 4042 p.
1037 3977 1093 4030 447
1112 3993 1151 4043 so.

348 4068 390 4139 (3)
408 4076 484 4132 lovis
503 4073 671 4140 potentium,
694 4087 760 4136 orae
779 4073 969 4138 ceterisdlis,
999 4075 1050 4125 hae
1069 4075 1161 4126 tabula
1181 4071 1250 4125 cele·
