2902 5004
516 434 555 445 —
578 404 612 459 19
636 433 683 492 —q

131 608 290 674 notandae
325 621 418 681 sunt,
451 605 539 688 quod
573 605 614 666 ad
647 603 775 665 fabulae
800 603 1067 684 compositionem

79 710 83 726 ⁴
130 729 355 810 rationemque
387 725 509 810 aliquid
549 724 709 788 momenti
732 705 929 787 habuerunt.
963 723 1072 788 Veluti

20 903 22 910 ,
132 845 346 918 Nautiorum
370 833 460 919 usus,
489 865 590 928 quem
621 865 719 928 supra
750 845 840 930 tetigi
850 878 862 920 ,s
894 846 996 908 ualuit
1029 848 1069 909 ad

130 972 295 1058 dialogum
316 953 427 1032 multis
459 967 648 1030 nominibus
680 967 948 1049 amplificandum
973 968 1069 1037 etad
1094 955 1096 960 ¹

131 1093 384 1156 continuandam
410 1088 643 1172 expositionem
667 1089 732 1165 rei,
769 1088 947 1174 partimin
977 1107 1070 1150 scena

129 1212 252 1297 partim
277 1223 368 1274 extra
392 1230 464 1272 eam
490 1211 531 1273 ad
551 1209 677 1272 exitum
698 1209 926 1291 pervenientis.

174 1331 286 1416 Neque
304 1331 337 1394 in
359 1333 502 1395 docendo
515 1330 639 1400 fabulas
658 1331 892 1416 negligendum
912 1341 968 1404 est,
983 1329 1071 1412 quod

132 1451 350 1516 Chamaeleon
361 1452 437 1515 dicit
444 1442 628 1538 ,Αἰσχύλον
646 1458 751 1516 πᾶσαν
763 1455 820 1534 τὴν
832 1459 885 1533 τῆς
896 1450 1072 1536 τραγῳδίας

133 1575 314 1656 οἰκονομίαν
347 1577 389 1646 εἰς
421 1575 518 1640 αὑτὸν
514 1580 721 1694 οεριϊστᾶν,
741 1573 787 1637 ita
808 1587 846 1636 ut
870 1593 936 1636 non
965 1575 1071 1636 solum

131 1693 313 1802 actoribus,
345 1703 415 1758 suas
450 1663 567 1820 cuique
600 1702 710 1778 partes
737 1695 912 1769 mandans,
937 1714 1017 1758 voce
1040 1707 1072 1757 et

129 1793 223 1903 gestu
243 1817 405 1900 praeiret,
428 1818 484 1880 sed
508 1827 616 1880 motus
639 1817 737 1881 etiam
758 1829 791 1880 et
812 1816 995 1880 saltationes
1017 1836 1071 1878 va-

129 1939 261 2022 riosque
284 1925 419 2002 canendi
441 1939 554 2000 modos
571 1939 738 2000 choreutas
761 1938 910 2000 edoceret
926 1932 987 2021 (l).

174 2057 323 2140 Denique
345 2055 531 2138 μελοποιίαν
554 2055 652 2120 etiam
668 2057 845 2142 Aeschylus
864 2059 995 2142 egregie
1019 2078 1073 2118 ex-

132 2179 253 2254 coluit,
288 2198 392 2263 quum
423 2189 579 2262 cantuum
614 2179 727 2241 modos
757 2179 807 2240 ‘ad
840 2191 1073 2262 argumentum

131 2300 261 2364 fabulae
295 2311 327 2362 et
361 2301 577 2382 episodiorum
607 2297 769 2362 rationem
792 2299 1072 2374 accommodaret,

132 2437 315 2505 eorumque
338 2419 588 2503 descriptionem
608 2421 642 2483 in
654 2422 814 2504 strophas,
838 2419 1073 2504 antistrophas,

130 2544 271 2627 epodos,
302 2556 493 2629 systemata,
518 2542 681 2618 dichoria,
705 2561 870 2618 commos,
897 2562 957 2625 pro
980 2541 1074 2604 fabu-

130 2668 238 2728 larum
262 2665 414 2730 varietate
437 2665 586 2730 variaret.
623 2661 685 2728 Sed
708 2666 748 2727 de
776 2665 909 2728 externa
929 2663 1072 2726 chorico-
1095 2699 1101 2712 ·

131 2805 209 2850 rum
242 2786 351 2849 forma
372 2785 545 2850 hactenus!
592 2785 666 2850 Jam
690 2806 789 2868 porro
817 2787 856 2848 de
880 2797 1075 2870 argumento

132 2906 327 2968 carminum·
343 2906 501 2990 variisque
527 2904 628 2970 Chori
645 2907 792 2989 partibus
814 2907 971 2970 nonnulla
993 2905 1073 2966 uni-

131 3045 222 3088 verse
246 3045 448 3089 moneamus.
1002 2993 1007 3004 ⁴

178 3143 309 3228 Lyricas
332 3156 454 3226 partes,
478 3144 597 3207 adscito
618 3146 835 3208 secundarum
860 3157 989 3221 actore,
1014 3145 1076 3211 im-

134 3263 275 3328 minutas
309 3285 386 3341 csse¹
406 3285 505 3347 supra
534 3266 603 3349 jam
627 3265 783 3344 vidimus3
819 3288 926 3352 neque
946 3267 1075 3332 minuta

134 3399 262 3451 tantum
282 3387 349 3454 ¹sed
383 3407 514 3470 prorsus
549 3400 676 3452 mutata
698 3409 762 3452 esse
786 3355 885 3452 Chori
909 3387 1011 3453 officia
1036 3412 1074 3452 ex

132 3507 231 3592 ipsius
242 3519 358 3573 natura
368 3483 463 3574 ⁸facile
473 3508 674 3596 intelligitur.
698 3506 828 3596 Quippe
840 3508 958 3574 Bacchi
969 3511 1076 3573 laudes

133 3629 309 3713 antiquitus
333 3629 497 3695 celebrare
513 3631 633 3706 solitus,
658 3629 785 3696 Chorus
796 3631 944 3714 deinceps
956 3631 1075 3714 justam

132 3771 261 3832 semper
306 3737 548 3822 desiccationem
599 3764 789 3836 certamque
838 3752 871 3814 in
917 3750 1076 3836 Dionysiis

134 3870 291 3957 agonibus
314 3873 423 3934 sedem
456 3871 616 3950 obtinuit;
656 3885 689 3936 et
712 3857 914 3957 quamquam
950 3870 984 3934 hi
1009 3874 1075 3936 ludi

176 4135 217 4200 tt)
239 4144 312 4196 conl.
333 4142 466 4198 Athenaei
486 4144 560 4196 locus
578 4157 661 4207 supra
679 4145 753 4196 laud.
