3016 5000
767 331 924 384 -66...

371 530 426 594 lati
450 529 577 612 hospitii
602 547 717 610 {rosnae
739 529 965 615 subterfugere
995 531 1061 594 ullo
1085 546 1179 615 pacto
1203 535 1311 624 possit.

373 651 481 736 Quare
502 651 613 714 fidenti
637 649 747 714 animo
779 672 812 714 se
847 651 921 716 belli
946 654 1048 717 finem
1070 655 1159 717 domi
1183 676 1311 739 exspec-

372 787 463 849 tare,
499 772 620 858 quippe
652 771 707 855 qui
740 772 830 836 annis
846 774 980 858 ¹gruvuti
1004 773 1125 840 itineris
1147 777 1221 841 socii
1245 797 1312 840 csse

373 917 438 960 non
462 895 651 978 potuissent.

416 1016 492 1080 Mox
528 1014 720 1098 conspectis,
757 1033 839 1098 quae
873 1015 906 1078 in
937 1017 1138 1083 diversorum
1172 1018 1310 1082 deorum

371 1140 432 1202 aris
457 1150 664 1220 pararentur,
687 1136 867 1214 sacrificiis,
891 1135 1183 1224 Clytaemnestram
1216 1141 1312 1222 hujus

370 1260 416 1324 rei
440 1280 582 1323 caussam·
599 1257 816 1345 interrogant
828 1280 836 1336 ;
860 1259 914 1322 sed
939 1259 994 1323 uhi
1016 1261 1127 1323 sedulo
1150 1259 1184 1322 in
1206 1280 1311 1323 sacro-

371 1401 446 1445 rum
470 1379 697 1462 procuratione
731 1394 922 1462 occupatum
960 1381 1089 1456 uident,
1124 1384 1232 1445 denuo
1255 1402 1309 1445 ca-

370 1503 468 1566 nendi
492 1514 595 1584 partes
618 1499 805 1582 suscipiunt.
840 1498 908 1564 Hoc
930 1515 1041 1564 autem
1065 1503 1109 1566 ita
1131 1525 1163 1566 se
1186 1503 1310 1584 optime

369 1627 510 1688 facturos
540 1622 764 1703 suspicentur,
795 1619 822 1683 si
856 1639 894 1683 ea
926 1641 1009 1703 quae
1033 1621 1309 1702 proficiscentibus

324 1745 330 1757 ’
355 1745 537 1830 ‘quondam
556 1741 652 1824 copiis
671 1729 844 1805 acciderint
860 1751 1027 1822 repetere,
1051 1753 1082 1804 et
1108 1741 1220 1818 „illm
1236 1747 1309 1822 κρά-

369 1893 421 1942 ro,¹
456 1868 557 1931 αἴσιον
581 1864 727 1948 ἀνδρῶν’
762 1861 942 1926 describere
966 1858 1144 1926 instituent.
1168 1901 1207 1916 --
1242 1860 1307 1924 ltu-

367 2009 431 2074 que
466 1999 656 2070 portentum
680 1983 759 2048 illud
783 1981 841 2046 leti
864 1980 981 2064 leporis
1002 2001 1021 2043 n
1043 1981 1168 2044 duabus
1191 1980 1307 2064 aquilis

369 2108 487 2173 comesi
512 2117 713 2178 memorant,
742 2105 831 2186 quod
853 2101 977 2184 sopiens
1001 2113 1086 2166 vates
1110 2098 1242 2166 Calchas
1263 2101 1307 2165 sio
1386 2181 1391 2192 Ι

368 2232 598 2311 interpretatus
620 2238 724 2290 esset:

556 2348 674 2431 Χρόνῳ
698 2347 755 2428 μὲν
778 2345 869 2428 ἀγρεῖ

554 2474 699 2551 Πριάμου
721 2464 814 2531 πόλιν
839 2464 896 2530 ἅδε
919 2461 1085 2542 κέλευθος,

557 2596 663 2654 πάντα
690 2587 723 2651 δὲ
747 2612 872 2671 πυργων

558 2716 654 2793 κτήνη
677 2713 794 2793 πρόσθε
816 2711 855 2771 τὰ
885 2706 1085 2792 inmisso&

556 2833 636 2915 μοῖρ’
649 2829 803 2906 ἀλαπάξει
815 2831 892 2910 πρὸς
903 2832 938 2892 τὸ
950 2831 1057 2918 βίαιον
1077 2825 1135 2920 (vs.
1147 2832 1209 2896 125
1221 2831 1309 2921 sqq).

368 2975 578 3064 Quamquam
612 2975 753 3039 eundem
783 2985 891 3039 ratem
920 2973 1089 3051 metuisse,
1113 2995 1154 3041 ne
1176 2973 1310 3041 Atridae

370 3099 438 3188 (qui
462 3097 620 3163 ambabus
655 3095 769 3181 aquilis
801 3091 1036 3181 significantur)
1073 3096 1156 3160 irum
1187 3093 1309 3161 Dionae

367 3219 427 3284 sibi
450 3217 678 3284 contraherent
713 3229 745 3280 et
778 3217 855 3288 den,
886 3217 1071 3302 aquilarum
1095 3219 1192 3301 dapes
1214 3239 1308 3285 aver·

369 3353 454 3414 sota,
487 3333 587 3402 ventio
610 3337 748 3402 adversis
771 3337 950 3401 exercitum
973 3337 1182 3403 sollicitatura
1205 3353 1307 3416 esset,

369 3459 596 3545 nefariumque
613 3459 766 3523 effectura
787 3458 984 3522 sacrificium
1005 3461 1156 3534 ,osculor
1173 3459 1309 3528 τέκτονα

372 3589 548 3668 σύμφυτον,
572 3581 607 3647 οὐ
633 3580 829 3665 isandeone?

411 3704 499 3770 llaec
522 3703 621 3790 igitur
644 3699 830 3770 Calchantis
863 3703 957 3766 effata
985 3723 1066 3766 num
1089 3706 1187 3770 talem
1211 3726 1307 3769 even-

367 3845 440 3894 tum
462 3825 613 3894 habitura
634 3827 718 3904 sint,
746 3825 852 3890 solum
876 3819 990 3890 lovem
1013 3825 1093 3891 scire
1115 3847 1224 3912 posse,
1248 3829 1305 3914 qui

368 3953 521 4018 mortales
549 3969 641 4031 saepe
676 3969 735 4016 suo
765 3949 886 4014 danmo
920 3970 1030 4036 sapere
1064 3950 1187 4018 doceat.
1242 3947 1305 4016 Sed

368 4091 409 4134 ne
434 4069 713 4156 Agamemnonem
749 4069 882 4154 quidem
918 4070 1058 4137 liberum
1083 4074 1153 4138 sore
1174 4073 1306 4157 poenit,

151 4559 712 4968 A!
740 4814 834 4969 t
