2902 5004
770 389 818 420 .-
840 361 874 416 re

384 559 536 626 numerat
556 563 634 644 ὄψιν
658 571 690 626 et
713 559 915 643 μελοποιίανι
938 561 1028 624 illam
1052 561 1128 645 quia
1152 562 1193 624 ad
1211 562 1333 626 docen·
1426 593 1427 602 κ

384 685 437 750 das
454 682 578 746 fabulas
602 681 790 766 requiritur,
814 703 1016 768 quemquam
1035 682 1116 746 nibil
1137 705 1214 747 enm
1240 653 1331 766 poesi

288 795 293 808 ’
382 825 558 886 commune
591 803 710 880 bebet3¹
750 805 836 868 hanc
859 803 935 888 quia
955 805 996 867 ad
1018 817 1253 890 argumentum
1280 807 1330 868 fa-

382 923 477 986 bulae
514 945 578 986 non
611 924 809 988 desideratur
828 925 988 1008 quidem,
1010 927 1065 990 sed
1088 925 1253 990 suavitatis
1274 939 1330 989 ta-
1426 939 1427 948 ’

383 1067 460 1108 men
505 1046 598 1108 affert
635 1015 734 1129 quam
776 1045 957 1128 plurimum
980 1042 1040 1134 (l).
1094 1043 1191 1130 Quod
1224 1047 1326 1132 igitur

383 1167 423 1230 ad
458 1166 581 1230 sabulos
608 1165 744 1230 docendi
774 1166 934 1230 rationem
976 1166 1111 1242 attinet,
1147 1168 1226 1232 baec
1257 1189 1327 1232 una

382 1309 458 1350 eum
490 1289 632 1370 ipsarum
678 1287 909 1370 compositione
942 1300 1056 1371 sponte
1090 1301 1220 1354 mutata
1264 1300 1326 1356 est.

382 1393 479 1476 Poeta
511 1409 751 1495 enim‚‘squum
774 1430 858 1476 novo
883 1429 1014 1492 prorsus
1039 1411 1153 1474 ordine
1176 1411 1326 1476 earmina

349 1617 351 1626 Ι
381 1533 595 1608 describeret,
619 1543 696 1617 'quo
727 1531 831 1618 magis
853 1534 933 1597 haec
949 1532 1181 1614 spectatoribus
1202 1532 1328 1615 proba·

350 1627 351 1633 ἵ
381 1667 512 1727 rentur,
535 1676 571 1738 ea
595 1654 656 1718 rite
675 1653 714 1716 'in
730 1675 860 1718 scenam
883 1655 1063 1736 producere
1074 1654 1264 1738 variamque
1280 1655 1331 1718 rei
1349 1726 1351 1740 Ι

379 1775 521 1839 scenicae
559 1775 804 1860 supellectilem}
830 1774 983 1839 adbibere
1007 1775 1138 1839 debuit:
1175 1775 1232 1860 qui
1255 1775 1331 1860 qui-

380 1899 456 1962 dem
488 1911 660 1982 apparatus
692 1919 730 1961 eo
754 1897 874 1961 lautius
902 1897 966 1961 fuit
987 1895 1147 1984 Aeschylo
1168 1897 1329 1961 ordinan-

380 2021 449 2096 dus,
475 2041 540 2105 quo
560 2021 720 2106 astrigeri
743 2019 948 2104 simplicique
971 2012 1094 2083 norma
1108 2018 1235 2105 longius
1259 2020 1329 2084 dis-

381 2145 518 2207 cederet.
572 2141 656 2204 Hinc
699 2141 842 2224 plurima
873 2133 940 2224 ejus
969 2141 1118 2218 inventa,
1147 2161 1229 2225 quae
1256 2154 1330 2206 tan·
1382 2117 1385 2124 Ι

382 2272 456 2326 tum
485 2283 551 2325 non
583 2262 693 2325 omnia
710 2283 747 2325 eo
767 2262 964 2344 spectabant,
989 2275 1026 2326 ut
1050 2273 1201 2327 externus
1225 2263 1327 2327 etiam

378 2383 562 2469 tragoediae
595 2383 723 2446 habitus
748 2386 918 2466 splendore
942 2387 1050 2449 oculos
1071 2387 1258 2467 percelleret
1289 2399 1326 2449 et

251 2581 268 2602 ‚,
379 2505 553 2570 ditinitatis
577 2508 743 2590 quandam
766 2505 906 2587 speciem
931 2507 1200 2588 praeseferret:

584 2709 750 2772 personae
772 2689 957 2775 pallaeque
979 2702 1135 2776 repertor
1158 2692 1320 2756 honestae

421 2809 627 2894 Aeschylus,
646 2819 678 2870 et
691 2807 837 2872 modieis
849 2812 1021 2875 instravit
1027 2811 1177 2898 pulpita
1189 2815 1323 2900 tapetis,

420 2941 452 2996 et
463 2933 579 2996 docuit
592 2955 816 3022 magnumque
830 2933 925 3019 loqui
935 2935 1072 3018 nitique
1085 2933 1251 3000 cothurno
1260 2933 1322 3022 (2).

379 3113 406 3178 Ε
442 3115 536 3178 variis
569 3099 699 3190 autem,
733 3135 811 3198 quas
849 3114 1000 3179 certatim
1031 3111 1156 3196 antiqui
1188 3133 1323 3176 enume-

277 3259 281 3273 ·
378 3233 453 3299 rant
474 3235 535 3322 (3),
568 3235 802 3299 mutationibus
830 3237 1005 3299 nonnullae
1027 3247 1202 3318 propterea
1223 3235 1321 3298 etiam

379 3419 537 3431 ——ua—-n

327 3547 330 3552 ·
414 3521 457 3592 (1)
477 3530 520 3584 Ι.1.
539 3529 567 3588 C·
586 3530 624 3590 63
653 3529 700 3580 nbi
729 3523 940 3580 ternen'rerhis
964 3521 1006 3594 „l
1026 3520 1057 3581 tt
1075 3520 1155 3590 libre,
1177 3521 1319 3594 ψυχαγω-

376 3623 455 3694 patr
482 3626 552 3692 μὲν,
577 3620 780 3694 trasturas
809 3617 856 3687 δὲ,
885 3621 933 3676 aa?
953 3615 1058 3704 barren
1078 3623 1130 3687 τῆς
1152 3621 1321 3688 ποιητικῆς»

376 3727 536 3790 Euripidem
564 3726 671 3777 videtur
696 3715 883 3788 significasse,
913 3728 1055 3777 externum
1075 3738 1172 3775 scenae
1193 3711 1322 3776 habilem

378 3824 468 3874 minus
486 3828 635 3874 curantem.

413 3912 456 3982 (2)
477 3921 568 3972 Horat.
589 3921 606 3969 Ι.
625 3935 708 3982 supra
729 3920 745 3969 Ι.

411 4011 455 4079 (3)
475 3997 556 4078 conti.
565 4017 626 4071 Vita
647 4019 739 4068 descb.
759 4017 927 4080 apllobort.
946 4037 984 4047 -
1002 4015 1129 4066 Philostr.
1150 4016 1213 4066 Vite
1232 4014 1321 4077 Sopb.
1426 4045 1427 4090 3

371 4094 406 4176 r,
426 4113 443 4164 a
463 4119 491 4164 er
509 4114 569 4164 vna
590 4115 677 4177 upon.
697 4114 736 4176 vr,
758 4115 803 4176 tt,
823 4129 849 4178 ρ.
869 4114 933 4166 err.
953 4135 989 4146 -
1010 4115 1107 4162 roten.
1130 4113 1150 4174 ι,
1173 4127 1197 4172 μ.
1214 4109 1260 4170 21,
1286 4110 1306 4160 o
