2902 5004
721 333 877 388 ...15-

332 564 437 610 mores
477 541 528 628 (τὰ
561 537 659 624 ἢθη),
700 550 788 600 tanta
826 535 1010 600 studiorum
1042 536 1266 612 vehementia,

185 721 189 728 .
247 697 250 702 ·
331 685 367 734 ut
401 691 468 735 non
500 666 619 753 possint
651 681 716 724 non
749 673 836 722 certa
870 655 993 720 ratione
1014 677 1108 741 agere
1130 669 1163 720 et
1180 671 1271 722 recta

331 795 382 858 via
416 795 456 856 ad
488 785 691 872 propositum
720 782 821 842 finem
846 779 995 852 tendere,
1028 799 1131 863 eoque
1163 779 1198 842 in
1221 781 1269 843 fa-

330 915 424 977 bulae
449 910 611 974 ambitum
634 899 778 984 finesque
810 897 1006 961 deliniendos
1028 919 1188 984 magnum
1212 901 1269 962 ha·

183 1017 187 1024 ⁴
258 1017 260 1022 ¹
328 1036 406 1098 bere
430 1041 652 1104 momentum,
697 1022 811 1106 Itaque
829 1033 941 1102 suapte
959 1032 1076 1083 natura
1088 1023 1267 1107 tragoedias

328 1155 505 1242 simplices
531 1164 563 1214 et
591 1146 711 1212 ethicas
743 1143 904 1206 reddunt:
938 1176 977 1184 -
1000 1143 1070 1225 jam
1090 1164 1107 1204 a
1125 1144 1265 1228 prologo

327 1281 402 1342 inde
432 1269 511 1360 quid
534 1273 684 1334 futurum
704 1267 745 1328 sit
764 1263 973 1347 providetur,
1007 1275 1138 1336 eventus
1160 1283 1268 1327 ncces·

326 1399 426 1465 sarius
456 1391 676 1476 exspectatur,
707 1386 790 1450 actio
821 1404 887 1446 non
921 1383 1067 1465 percellit
1099 1383 1264 1461 novitate,

325 1525 381 1588 ced
413 1517 536 1603 placide
567 1526 600 1576 et
623 1509 747 1610 sensim!
765 1517 978 1589 praeparatur
1002 1517 1099 1588 atque
1116 1505 1180 1568 leni
1204 1531 1265 1569 πα-

177 1723 182 1732 ,
230 1712 233 1717 ,
324 1649 480 1732 obsidere:
496 1657 557 1719 ope
581 1652 691 1697 coram
705 1626 929 1712 'spectantium
954 1625 1053 1689 oculis
1075 1625 1262 1694 absolvitur.

324 1767 456 1851 Neque,
487 1757 577 1844 quod
608 1751 736 1846 fabulae
765 1747 971 1835 implicatae
1000 1747 1173 1829 proprium
1198 1759 1262 1820 est,

322 1884 477 1954 desiderio
505 1877 668 1946 solutionis
691 1886 723 1938 et
740 1871 842 1936 exitus
865 1889 1059 1945 movemur;
1089 1867 1168 1930 illud
1191 1881 1262 1932 tan·

321 2027 394 2078 turn
415 2017 655 2104 exspectamus,
680 1994 845 2081 quomodo
874 2012 931 2067 ea,
964 1981 1047 2074 quae
1081 1988 1262 2052 sciebamus

322 2136 456 2206 instare,
483 2125 615 2190 tandem
628 2139 751 2184 ¹revera
771 2114 895 2178 exitum
919 2110 1104 2176 habuerint.

291 2337 301 2351 μ
367 2254 534 2317 Praeterea
554 2241 728 2326 Aeschylus
749 2247 897 2298 actorum
917 2252 1024 2295 mores
1044 2253 1111 2295 non
1124 2253 1261 2318 magno-

260 2376 277 2401 *
320 2395 397 2460 pere
429 2365 581 2441 variavit,
615 2380 739 2445 neque,
764 2356 852 2440 quod
874 2353 950 2417 fecit
971 2351 1160 2436 Sophocles,
1184 2373 1260 2417 cona

309 2485 486 2560 ‘troversias
520 2499 561 2559 et¹
575 2479 844 2549 dissimilitudines
867 2499 906 2544 ex
928 2475 1127 2539 diversarum
1150 2495 1259 2557 perso·

316 2595 435 2686 narum
477 2606 708 2676 consociatione
748 2613 863 2676 ortas„
893 2597 1073 2662 describere
1113 2597 1258 2672 studuit,

316 2717 371 2802 sed
401 2731 506 2818 potius
545 2726 629 2790 bene
671 2733 816 2786 moratae
850 2717 982 2802 alicujus
1015 2736 1169 2798 personae
1210 2717 1257 2780 la·

315 2861 408 2924 bores
451 2857 547 2939 plane
588 2857 802 2928 accurateque
843 2838 1016 2924 proponit,
1058 2838 1098 2900 de
1130 2836 1257 2900 ambitu

313 2977 473 3065 poematis
496 2992 615 3059 parurn
633 2966 795 3066 sollicitus.
832 2960 940 3047 Quem
956 2959 1256 3045 quidemexiguum

316 3123 380 3168 esse
405 3121 471 3164 non
490 3115 580 3180 posse
601 3093 675 3155 inde
696 3107 826 3173 quoque
845 3055 1063 3168 intelligitur,
1084 3083 1172 3165 quod
1193 3080 1256 3146 cito

314 3223 440 3312 moveri
462 3215 720 3313 sententiamque
738 3229 833 3273 suam
856 3205 1002 3269 celeriter
1016 3213 1145 3266 mutare
1157 3203 1257 3265 talem

314 3362 487 3432 personam
509 3335 702 3420 neutiquam
722 3331 824 3393 decet.

360 3463 446 3531 Cum
467 3458 614 3525 moribus
634 3454 682 3519 his
703 3447 903 3537 congruebat
915 3445 1059 3522 διάνοια,
1079 3467 1144 3530 qua
1167 3420 1254 3508 acto·

312 3612 361 3656 res
390 3587 476 3650 dicta
512 3601 587 3644 cum
619 3575 711 3643 factis
738 3569 960 3655 exaequabant
978 3581 1010 3632 et
1031 3566 1136 3632 viriles
1154 3565 1255 3629 animi

309 3717 418 3808 sensus
440 3718 514 3790 apte
534 3700 689 3779 edebant,
714 3696 858 3760 multum
883 3691 937 3754 illa
962 3689 1003 3754 ab
1027 3687 1166 3771 aucupio
1182 3686 1255 3770 phi-

312 3826 502 3914 losophandi
525 3823 714 3888 abhorrens.

320 4019 321 4022 ,
354 3952 484 4018 Praeter
517 3935 751 4012 sententiarum
783 3938 864 4002 illud
888 3936 1014 4020 pondus
1043 3945 1075 4020 et
1100 3951 1255 4006 acumen,

311 4076 399 4163 quod
425 4072 488 4137 Dio
517 4067 764 4152 Chrysostomus
796 4063 833 4125 τὸ
865 4055 1004 4129 αὔθαδες
1033 4060 1087 4136 τῆς
1113 4050 1256 4120 διανοίας
