3016 5000
739 331 898 390 ...72-

347 530 523 594 turbatura
545 531 605 609 sit,
630 545 799 614 precatur,
824 545 922 597 utne
944 533 1072 615 penitus
1099 548 1208 616 pereat
1231 557 1292 598 na-

350 651 407 726 vis,
427 653 480 715 sed
496 652 658 716 bonorum
681 666 773 736 parte
784 676 843 738 per
865 655 1075 741 naufragium
1088 657 1199 740 ejecta,
1224 657 1292 740 ipsa

351 795 390 836 ex
403 773 496 837 undis
518 777 605 838 salva
618 789 782 862 emergam
808 790 910 860 utque
923 775 1096 840 imminens
1109 777 1292 860 periculum

350 894 464 976 opibus
486 892 589 980 regis,
613 916 680 959 non
703 897 785 960 vitae
808 894 1000 971 immineat,
1024 898 1114 981 cujus
1133 900 1293 962 damnum

353 1015 561 1100 irreparabile
590 1019 695 1081 foret:

442 1139 477 1200 τὸ
502 1136 531 1200 δ’
545 1139 597 1201 ἐπὶ
621 1145 683 1217 γᾶν
705 1143 800 1204 πεσόν
824 1141 858 1202 θ’
871 1139 959 1215 ἅπαξ
985 1147 1162 1222 θανάσιμον

439 1259 629 1343 προπάροιθ’
653 1259 767 1344 ἀνδρὸς
784 1258 892 1343 μέλαν
921 1254 1000 1343 αἷμα

439 1381 487 1453 τίς
508 1383 551 1445 ἂν
568 1379 769 1461 ἀγκαλέσαιτ’
790 1381 957 1460 danaidum
985 1379 1243 1470 (vs.99lsqq.)(
1268 1379 1295 1466 J.

352 1498 414 1565 Sed
440 1498 632 1566 Cassandrae
650 1502 830 1584 praesentia
853 1523 885 1564 se
904 1501 1070 1584 prohiberi
1093 1503 1189 1578 dicit,
1214 1522 1295 1587 quo-

352 1621 459 1684 minus
479 1621 672 1684 sententiam
688 1641 781 1684 suam
805 1621 905 1686 fusius
930 1623 1053 1705 aperiat
1076 1636 1109 1686 et
1128 1644 1188 1698 ea,
1212 1645 1296 1707 quae

352 1742 386 1804 in
411 1763 557 1825 praesens
577 1745 710 1806 fortasse
731 1756 916 1826 opportuna
936 1743 1017 1817 sint,
1041 1746 1213 1828 eloquatur
1236 1744 1295 1829 (vs.

354 1863 557 1949 953-1004).
618 1862 876 1950 Clytaemnestra
917 1862 1130 1930 Cassannnau
1166 1884 1297 1948 quoque

352 1987 486 2051 introire
507 1985 614 2070 jubet,
637 1985 778 2072 benigne
800 1987 993 2050 adhortante
1013 1981 1122 2048 Choro
1137 1981 1196 2072 (vs.
1212 1985 1295 2047 1017

352 2129 425 2193 sqq.
454 2108 539 2172 1023
562 2129 610 2191 sq.
639 2107 724 2170 1032
756 2104 837 2194 sq.),
862 2107 941 2192 qui,
962 2108 1043 2170 dum
1079 2107 1180 2169 altera
1206 2105 1296 2180 silet,

352 2233 454 2294 altera
476 2230 559 2292 irato
582 2227 692 2292 animo
712 2229 850 2291 domurn
882 2227 1082 2313 ingreditur,
1106 2247 1165 2309 per
1189 2239 1297 2288 totum

354 2351 410 2434 qui
423 2349 572 2430 deinceps
583 2347 730 2431 sequitur
742 2361 851 2412 actum
862 2344 1143 2435 (estote-1315),
1151 2345 1299 2410 fatidicae

354 2469 470 2556 virgini
482 2472 566 2532 solus
590 2470 698 2544 adest,
719 2469 949 2533 vaticinantem
961 2465 1173 2532 mirabundus
1187 2467 1296 2543 audit,

353 2590 544 2677 interrogat,
567 2592 759 2665 miseratur,
780 2591 930 2677 corrigit,
954 2593 1127 2666 admonet,
1151 2591 1298 2673 primum

353 2713 545 2787 incredulus,
571 2732 646 2775 mox
672 2733 748 2775 vero
774 2713 928 2776 vaticiniis
951 2715 1018 2796 ejus
1041 2713 1191 2790 territus;
1216 2732 1298 2795 quo-

353 2854 431 2898 rum
453 2833 645 2912 veritatem,
682 2833 739 2897 etsi
772 2855 809 2897 ex
846 2845 938 2916 parte
970 2833 1100 2898 infitiari
1136 2847 1297 2918 nequeat,

354 2977 419 3021 non
443 2958 538 3040 plane
559 2969 669 3021 tamen
692 2955 891 3041 assequitur,
923 2975 1030 3040 neque
1051 2955 1093 3019 de
1115 2954 1184 3038 ipso
1209 2954 1300 3041 Aga·
1335 2957 1341 2972 '

353 3099 530 3144 memnone
547 3079 789 3161 interpretatur.
812 3077 994 3161 Derepente
1008 3093 1086 3141 vero
1109 3073 1233 3140 iutiinis
1256 3096 1297 3138 ex

354 3201 484 3266 aedibus
507 3201 637 3266 auditur
656 3202 756 3264 semel
778 3200 965 3284 iterumque
988 3197 1175 3262 vociferatio
1192 3195 1297 3282 regis:

354 3321 507 3404 quocirca
529 3318 706 3385 choreutae
736 3320 908 3384 consilium
930 3318 1099 3395 ineuntes,
1134 3318 1215 3402 quid
1235 3316 1297 3382 sibi

355 3442 520 3526 agendum
542 3443 583 3506 sit
606 3440 805 3507 deliberant:
830 3440 884 3504 alii
907 3438 1029 3504 civium
1052 3437 1210 3504 auxilium
1233 3438 1298 3502 im-

354 3564 566 3646 plorandum,
591 3562 644 3628 alii
666 3563 784 3628 stricto
798 3561 905 3648 gladio
924 3561 1083 3626 laboranti
1106 3582 1299 3627 succurren·
1360 3567 1363 3574 ’
1478 3566 1483 3575 “

393 3783 436 3854 (1)
456 3793 577 3845 Similem
596 3793 759 3876 sententiam
778 3795 884 3858 profert
901 3792 1053 3872 Chorusflin
1066 3792 1178 3846 Ennea.
1198 3793 1297 3846 vam

356 3903 396 3956 sq.
414 3892 457 3944 ed.
476 3892 609 3945 llinckrr.¹

583 3981 833 4055 δυσκγκὸμιστον,
853 3984 966 4051 παπαῖ,

582 4082 615 4139 *rb
635 4077 721 4151 laepia
739 4079 812 4152 πέδῳ
831 4080 954 4154 χύμενον
974 4079 1102 4152 s’t'xssru.
