2902 5004
775 345 933 399 ...34-

380 543 581 608 runoandam
615 544 741 608 cladem
771 543 926 608 libamina
959 545 1075 611 fundat
1116 559 1148 610 et
1181 546 1319 612 Darium

379 677 530 749 precetur
542 665 664 743 suadet,
677 665 710 728 in
728 665 889 751 colloquio
909 663 1032 732 iterum
1054 667 1228 734 sollicitum
1252 673 1321 734 ani-

379 809 474 853 mum
506 787 616 870 prodit
650 787 708 874 (vs.
731 785 914 875 225-241);
938 817 978 848 1*
1009 786 1123 852 deinde
1155 791 1320 873 prodeun-

378 921 445 973 tem
476 905 638 972 Nuntium
673 907 792 990 excipit
837 909 969 994 ejusque
1010 910 1175 986 sermoni,
1208 910 1321 976 silente

377 1031 509 1104 Atussa,
534 1025 736 1113 aliquamdiu
758 1030 843 1093 solus
866 1022 1037 1114 respondet
1062 1029 1120 1118 (va.
1144 1031 1320 1120 252-281).

377 1150 488 1216 Postea
510 1153 660 1227 Atossae,
692 1152 733 1214 ad
756 1151 931 1216 flectendos
961 1152 1035 1217 deos
1057 1173 1145 1216 sacra
1168 1153 1319 1232 facienti,

377 1271 515 1356 supplici
538 1271 681 1336 carmine
707 1271 858 1338 subvenit
893 1285 926 1338 et
959 1273 992 1338 in
1024 1275 1188 1342 evocando
1220 1276 1321 1342 Dario

377 1392 564 1480 gravissimo
587 1394 742 1479 fungitur
770 1415 917 1460 munere.
965 1394 1066 1460 Porro
1086 1413 1134 1463 vs.
1160 1399 1225 1463 773
1247 1421 1320 1485 sqq.

378 1524 552 1598 postquam
576 1513 688 1588 Atussa
710 1515 768 1577 filii
797 1517 1015 1581 calamitatem
1038 1519 1146 1584 mariti
1170 1518 1322 1585 Manibus

378 1633 527 1716 aperuit,
565 1631 696 1698 Chorus.
723 1647 831 1717 partes
858 1636 990 1720 suscipit
1021 1636 1233 1718 sciscitando,
1256 1665 1323 1728 qua

378 1755 512 1818 tandem
547 1755 673 1820 ratione
704 1758 887 1824 remedium
921 1763 1085 1826 malorum
1118 1763 1255 1828 inveniri
1289 1780 1322 1830 et

377 1875 412 1940 in
435 1890 602 1961 posterum
625 1876 750 1962 patriae
773 1883 895 1946 consuli
919 1896 1039 1968 queat,
1075 1896 1108 1948 et
1131 1884 1232 1970 qualis
1253 1905 1322 1950 sors

376 2019 493 2063 eorum
517 2001 630 2066 futura
651 2000 710 2077 sit,
734 2002 792 2088 qui
814 2002 848 2066 in
872 2001 1048 2070 Salaminio
1070 2006 1195 2088 proelio
1208 2029 1322 2090 super-

374 2119 463 2186 stites
478 2121 679 2190 mansissent.
697 2161 737 2174 -
760 2123 799 2187 In
816 2126 933 2190 ultimo
952 2129 1085 2192 tandem
1102 2099 1177 2193 actu
1190 2129 1323 2194 Atossae

374 2261 485 2304 rursus
508 2241 631 2306 vicibus
650 2246 802 2329 fungens,
825 2247 1018 2312 redeuntem
1032 2248 1169 2313 Darium
1194 2252 1324 2335 exeipit,

376 2379 519 2443 quocum
542 2359 603 2425 sub
626 2361 751 2428 exitum
776 2365 904 2430 fabulae
926 2371 1017 2433 aedes
1040 2371 1143 2457 regias
1164 2371 1278 2438 intrat.

419 2477 595 2548 Caeterum
618 2482 717 2550 Cbori
748 2488 793 2552 vis
828 2493 999 2574 praecipue
1043 2491 1076 2557 in
1101 2495 1203 2581 lyrico
1227 2511 1326 2563 cautu

375 2603 537 2679 cernitur,
575 2627 642 2691 quo
677 2608 843 2674 dimidiam
870 2615 937 2678 iere
960 2615 1086 2680 fabulae
1117 2633 1246 2701 partem
1269 2643 1324 2686 ex-

375 2725 459 2805 plet:
505 2729 604 2790 modo
636 2729 821 2794 vehementi
856 2735 967 2800 dolore
1000 2739 1165 2822 percitus,
1218 2744 1322 2808 infor·

373 2845 464 2911 tonia
488 2868 598 2912 reeens
621 2863 759 2933 accepta
790 2861 915 2938 κομμοῖς
950 2859 1040 2945 luget
1074 2861 1133 2946 (vs.
1158 2865 1224 2932 252
1250 2885 1322 2951 sqq.

374 2999 531 3022 ’.Ψ-

328 3100 329 3103 ’
374 3087 504 3150 Aeschylo
524 3093 633 3156 saepius
653 3094 754 3158 inique
765 3097 921 3163 iudicavit,
949 3102 984 3152 de
1012 3103 1069 3166 eius
1088 3104 1177 3158 Chora
1196 3109 1319 3163 scribere

373 3184 498 3244 potuerit
517 3201 578 3240 eum
597 3205 636 3241 res
655 3194 747 3252 offerre
765 3196 799 3246 ad
824 3199 923 3250 stolum.
943 3213 1027 3250 rerum
1043 3207 1198 3264 praesentent
1215 3210 1319 3277 maimo

262 3259 266 3268 ’
371 3284 541 3348 accamanus,-
559 3307 595 3320 -·
624 3288 801 3352 quodquam
828 3290 912 3343 ctiam
939 3295 995 3347 Jos.
1020 3295 1130 3351 Kabalis
1161 3292 1208 3360 (de
1233 3305 1317 3358 chori

372 3380 442 3439 trag.
470 3385 629 3441 genitura
657 3389 684 3435 et
714 3399 825 3436 mulsere
851 3395 994 3442 comment.
1024 3408 1051 3457 p.
1070 3390 1118 3448 19)
1138 3414 1318 3467 cunctanctium

372 3473 520 3536 obtinere,
541 3478 630 3529 nullis-
641 3481 758 3544 prolatis
784 3485 935 3550 exemplis,
964 3493 1128 3558 perhibeat,
1157 3501 1240 3551 credo
1267 3515 1316 3553 eos

373 3571 417 3622 vel
434 3572 470 3632 ad
489 3575 635 3634 solemnem
655 3583 760 3642 poetae·
781 3593 884 3634 morem
912 3589 1062 3649 respexisse
1088 3607 1143 3656 quo
1162 3599 1314 3658 praeterita

371 3667 492 3730 repetit,
522 3671 562 3720 sel
590 3672 625 3723 de
653 3675 861 3730 obscurioribus
889 3677 1080 3746 Apotnemacnts
1098 3691 1244 3758 carnibus,
1264 3695 1314 3758 qui
1413 3719 1414 3742 t

370 3764 441 3838 regis
468 3780 562 3830 siccem
590 3774 780 3836 praecedunt,
806 3777 949 3840 cogitasse.
987 3781 1097 3844 lterum.
1120 3791 1313 3862 inmanesqu-

369 3868 461 3914 menta
489 3879 628 3928 nurrquam
656 3872 691 3921 ab
721 3873 831 3926 actione
856 3879 966 3930 tabulae
992 3881 1081 3934 aliena
1110 3890 1192 3938 sunt:
1224 3901 1313 3952 neque
1413 3867 1414 3940 f

368 3957 596 4038 uitumdrachyli
625 3977 734 4025 carmen
765 3973 800 4027 ad
828 3963 978 4041 ἓμβρὶμμαι
1005 3978 1051 4034 illa
1072 3983 1166 4043 reterri
1186 3986 1311 4052 poterit,

366 4065 445 4118 quaa,
457 4059 547 4134 tetigit
565 4061 723 4117 Aristoteles
741 4066 814 4132 Poet,
833 4073 859 4126 C.
878 4075 925 4127 18.
