3016 5000
579 354 618 362 ...
640 322 736 412 (35,-

187 537 294 590 morte
328 523 368 588 ab
400 521 577 608 hospitibus
612 525 749 586 allatum
781 522 922 605 apertius
953 535 986 586 et
1011 522 1148 600 certius,

188 646 229 710 ab
252 646 322 730 ipsis
342 645 534 714 rescisceret.
582 633 709 709 Chorus
731 658 841 708 autem
865 641 985 708 Orestis
1010 633 1148 710 moniti³

189 769 249 850 (νε.
273 766 350 852 575)
384 787 535 842 memor,
571 780 745 850 postquam
770 763 893 830 audivit
919 763 1125 852 Clytaemne·
1156 815 1159 825 .

184 903 286 954 stram
304 889 430 973 'jussisse
452 887 645 974 Aegisthum
666 886 743 952 cum
768 888 903 976 armatis
921 889 1038 964 venire,
1063 911 1125 952 nu-

185 1011 310 1080 tricem·¹
326 1022 438 1092 monet
463 1017 511 1074 ne'
539 1012 623 1088 hanc
652 1011 796 1074 mandati
818 1023 947 1094 partem
972 1031 1124 1094 exsequa-

185 1147 257 1210 tur;
295 1134 381 1216 quod
407 1150 473 1215 quo
502 1131 604 1218 magis
627 1133 752 1195 vetulae
773 1120 983 1220 persuadeat,
1018 1152 1124 1215 neque

183 1253 315 1342 periisse
351 1249 500 1316 Orestem
530 1273 591 1315 nec
622 1272 692 1315 rem
725 1227 929 1335 desperatam
962 1273 1025 1316 esse
1047 1251 1123 1316 suh-

185 1375 320 1438 obscure
341 1372 521 1459 significat:
555 1357 672 1457 quibus
695 1372 826 1442 monitis
853 1369 965 1438 Gitissa
988 1373 1125 1437 obsecu-
1158 1356 1161 1362 ¹

185 1506 259 1558 tura
283 1493 414 1558 discedit
440 1494 496 1582 (νε.
515 1491 692 1581 ,723-771).
907 1483 909 1489 ’

133 1657 136 1664 -
228 1614 302 1680 Jam
326 1614 428 1700 magis
457 1613 627 1700 magisque
661 1613 854 1678 imminente
877 1615 1040 1698 pertento,
1076 1639 1125 1681 se·

184 1737 295 1820 quitur
318 1736 496 1812 canticum,
529 1756 595 1820 quo
619 1733 746 1800 Chorus
768 1737 904 1800 solemni
927 1740 1025 1801 modo
1048 1741 1124 1802 deo-

181 1877 257 1922 rum
270 1859 426 1920 auxilium
446 1856 614 1938 implorat.
659 1854 808 1920 Primum
833 1857 933 1942 igitur
951 1861 990 1922 ad
1008 1857 1124 1922 Jovem

179 1978 375 2064 Olympium
409 1999 442 2040 se
475 1977 657 2057 convertit,
682 1977 722 2039 ab
754 1997 857 2062 eoque
878 1991 1051 2060 precatur,
1085 1991 1122 2042 ut
1188 1956 1190 1959 .

181 2099 352 2176 Orestem,
371 2098 488 2184 ’ἀνδρὸς
512 2096 606 2180 φίλου
630 2097 756 2182 πῶλονἸ
779 2099 918 2164 inimicis
941 2097 1006 2163 suis
1029 2112 1123 2164 ante·

142 2215 145 2220 ’
180 2234 292 2306 ponat.
321 2221 433 2306 ¹Tum
465 2223 539 2284 deos
571 2219 702 2285 Penates
743 2219 921 2284 obtestatur
959 2231 1123 2302 ne,:post
1159 2204 1160 2207 Ἴ

181 2343 446 2431 Agamemnonis·
467 2342 645 2418 ultionem,
679 2341 856 2407 inveterata
889 2342 998 2405 caedes
1025 2361 1123 2406 novas

180 2465 403 2547 inposterum
439 2465 547 2528 caedes
580 2463 695 2548 pariat.
735 2460 929 2546 'Apollinem
952 2462 1066 2532 deinde
1089 2475 1123 2530 et
1174 2470 1176 2476 ’

181 2587 383 2651 Mercurium
406 2587 542 2662 aflatus,
566 2606 682 2670 eosque
704 2596 809 2672 rogat,
832 2565 873 2648 ut
891 2581 997 2650 Oresti
1021 2584 1119 2649 victo-

177 2709 261 2773 riam
296 2708 443 2772 trihuant
465 2707 711 2796 imperiumque
734 2718 909 2790 paternum
936 2705 1118 2772 restituant.

177 2829 304 2898 Ultimo
321 2817 559 2914 denique'loco
589 2826 738 2893 Orestem
762 2816 973 2904 adhortatur,
997 2839 1034 2890 ut
1056 2849 1119 2911 pa-
1163 2870 1164 2874 =

177 2952 234 3016 tris
270 2950 531 3016 interfectoribus
565 2969 631 3013 non
654 2957 786 3032 parcat,
820 2949 876 3012 sed
900 2949 1008 3032 caedis
1023 2949 1117 3024 unice

177 3092 327 3147 memor,
349 3071 427 3136 forti
456 3083 488 3134 et
511 3069 669 3134 constanti
694 3069 804 3142 animo
827 3071 984 3134 ultionem
1008 3093 1118 3156 perse-

178 3207 297 3279 quatur
323 3189 381 3280 (νε.
401 3190 597 3280 stt-824).-

221 3311 344 3377 Nuntio
369 3313 408 3376 de
442 3296 563 3376 Orestis
591 3325 698 3376 morte
729 3327 879 3397 accepto,
912 3337 973 3380 nec
1006 3299 1118 3388 tamen

178 3436 251 3499 satis
276 3435 304 3498 ei
323 3423 427 3498 tidem
451 3434 587 3510 habens,
612 3435 738 3500 advenit
759 3435 953 3522 Auorsr‘nus,
978 3438 1118 3504 incertus

180 3579 220 3621 an
254 3578 328 3621 vere
364 3547 510 3630 obiisset,
546 3557 644 3620 simul
682 3569 851 3648 metuens,
884 3580 926 3623 ne
960 3561 1118 3645 ejusmodi

180 3697 295 3743 rumor
312 3677 433 3742 civium
451 3677 665 3761 suspicionem
682 3678 861 3762 odiumque
873 3680 1001 3744 excitet.
1026 3679 1118 3764 Qua'-

180 3820 259 3863 rea
282 3797 392 3865 Choro
415 3799 599 3863 admonitus
624 3798 681 3888 (vs.
698 3797 860 3887 835-837)
886 3821 955 3866 rem
980 3801 1021 3865 ah
1044 3789 1119 3886 ipsis

179 3918 361 4002 hospitibus
384 3920 533 3984 sciscitari
557 3921 677 3984 statuit.
762 3971 763 3978 ,

225 4039 301 4107 Jam
319 4041 404 4106 rein
422 4065 590 4110 summunt
609 4043 792 4126 periculum
814 4047 968 4123 adducta,
993 4045 1119 4128 Chorus
