<?xml version="1.0" encoding="UTF-8"?>
<!DOCTYPE html PUBLIC "-//W3C//DTD XHTML 1.0 Transitional//EN"
    "http://www.w3.org/TR/xhtml1/DTD/xhtml1-transitional.dtd">
<html xmlns="http://www.w3.org/1999/xhtml" xml:lang="en" lang="en">
 <head>
  <title>
</title>
<meta http-equiv="Content-Type" content="text/html;charset=utf-8" />
  <meta name='ocr-system' content='tesseract 3.04.00' />
  <meta name='ocr-capabilities' content='ocr_page ocr_carea ocr_par ocr_line ocrx_word'/>
</head>
<body>
  <div class='ocr_page' id='page_1' title='image "./dissertatiodech00ekkegoog_0116.png"; bbox 0 0 3016 5000; ppageno 0'>
   <div class='ocr_carea' id='block_1_1' title="bbox 648 289 933 380">
    <p class='ocr_par' dir='ltr' id='par_1_1' title="bbox 648 289 933 380">
     <span class='ocr_line' id='line_1_1' title="bbox 648 289 933 380; baseline 0.004 -1"><span class='ocrx_word' id='word_1_1' title='bbox 648 323 827 380; x_wconf 79' lang='lat' dir='ltr'><strong>-roi-</strong></span> <span class='ocrx_word' id='word_1_2' title='bbox 931 289 933 294; x_wconf 28' lang='lat'>⁸</span> 
     </span>
    </p>
   </div>
   <div class='ocr_carea' id='block_1_2' title="bbox 183 519 1212 1339">
    <p class='ocr_par' dir='ltr' id='par_1_2' title="bbox 183 519 1212 1339">
     <span class='ocr_line' id='line_1_2' title="bbox 268 519 1212 612; baseline -0.001 -20"><span class='ocrx_word' id='word_1_3' title='bbox 268 527 461 612; x_wconf 76' lang='lat' dir='ltr'><strong>deprecatur</strong></span> <span class='ocrx_word' id='word_1_4' title='bbox 481 519 632 589; x_wconf 90' lang='lat' dir='ltr'><strong>intestina</strong></span> <span class='ocrx_word' id='word_1_5' title='bbox 647 523 741 601; x_wconf 88' lang='lat' dir='ltr'><strong>bella,</strong></span> <span class='ocrx_word' id='word_1_6' title='bbox 767 523 888 588; x_wconf 87' lang='lat' dir='ltr'><strong>civium</strong></span> <span class='ocrx_word' id='word_1_7' title='bbox 911 523 1118 594; x_wconf 84' lang='lat' dir='ltr'><strong>concordiam</strong></span> <span class='ocrx_word' id='word_1_8' title='bbox 1140 546 1212 592; x_wconf 87' lang='lat' dir='ltr'><strong>sua·</strong></span> 
     </span>
     <span class='ocr_line' id='line_1_3' title="bbox 268 643 1210 732; baseline -0.001 -19"><span class='ocrx_word' id='word_1_9' title='bbox 268 649 342 725; x_wconf 89' lang='lat' dir='ltr'><strong>det,</strong></span> <span class='ocrx_word' id='word_1_10' title='bbox 367 646 567 732; x_wconf 46' lang='lat' dir='ltr'><strong>*sapientiam</strong></span> <span class='ocrx_word' id='word_1_11' title='bbox 600 647 782 730; x_wconf 89' lang='lat' dir='ltr'><strong>praedicat,</strong></span> <span class='ocrx_word' id='word_1_12' title='bbox 817 643 870 708; x_wconf 90' lang='lat' dir='ltr'><strong>cui</strong></span> <span class='ocrx_word' id='word_1_13' title='bbox 902 644 928 708; x_wconf 90' lang='lat' dir='ltr'><strong>si</strong></span> <span class='ocrx_word' id='word_1_14' title='bbox 955 646 1105 724; x_wconf 83' lang='lat' dir='ltr'><strong>studeant</strong></span> <span class='ocrx_word' id='word_1_15' title='bbox 1128 647 1210 712; x_wconf 86' lang='lat' dir='ltr'><strong>cives</strong></span> 
     </span>
     <span class='ocr_line' id='line_1_4' title="bbox 183 766 1210 854; baseline 0 -22"><span class='ocrx_word' id='word_1_16' title='bbox 183 805 198 826; x_wconf 84' lang='lat'><strong>··</strong></span> <span class='ocrx_word' id='word_1_17' title='bbox 264 769 387 832; x_wconf 85' lang='lat' dir='ltr'><strong>summi</strong></span> <span class='ocrx_word' id='word_1_18' title='bbox 427 768 571 842; x_wconf 85' lang='lat' dir='ltr'><strong>numinis</strong></span> <span class='ocrx_word' id='word_1_19' title='bbox 612 767 716 854; x_wconf 73' lang='lat' dir='ltr'><strong>gratia</strong></span> <span class='ocrx_word' id='word_1_20' title='bbox 758 787 930 850; x_wconf 88' lang='lat' dir='ltr'><strong>nunquam</strong></span> <span class='ocrx_word' id='word_1_21' title='bbox 965 766 1029 830; x_wconf 90' lang='lat' dir='ltr'><strong>sint</strong></span> <span class='ocrx_word' id='word_1_22' title='bbox 1064 767 1210 832; x_wconf 88' lang='lat' dir='ltr'><strong>carituri.</strong></span> 
     </span>
     <span class='ocr_line' id='line_1_5' title="bbox 265 885 1210 973; baseline -0.003 -17"><span class='ocrx_word' id='word_1_23' title='bbox 265 887 312 956; x_wconf 91' lang='lat' dir='ltr'><strong>Ut</strong></span> <span class='ocrx_word' id='word_1_24' title='bbox 334 888 434 955; x_wconf 78' lang='lat' dir='ltr'><strong>verbo</strong></span> <span class='ocrx_word' id='word_1_25' title='bbox 458 889 584 965; x_wconf 91' lang='lat' dir='ltr'><strong>dicam,</strong></span> <span class='ocrx_word' id='word_1_26' title='bbox 619 885 797 973; x_wconf 70' lang='lat' dir='ltr'><strong>Aeschylus</strong></span> <span class='ocrx_word' id='word_1_27' title='bbox 819 887 865 952; x_wconf 88' lang='lat' dir='ltr'><strong>ita</strong></span> <span class='ocrx_word' id='word_1_28' title='bbox 887 889 999 952; x_wconf 90' lang='lat' dir='ltr'><strong>omnia</strong></span> <span class='ocrx_word' id='word_1_29' title='bbox 1022 889 1210 972; x_wconf 80' lang='lat' dir='ltr'><strong>composuit</strong></span> 
     </span>
     <span class='ocr_line' id='line_1_6' title="bbox 252 1009 1210 1092; baseline 0.001 -18"><span class='ocrx_word' id='word_1_30' title='bbox 252 1011 303 1074; x_wconf 89' lang='lat' dir='ltr'><strong>-ad</strong></span> <span class='ocrx_word' id='word_1_31' title='bbox 339 1009 586 1074; x_wconf 85' lang='lat' dir='ltr'><strong>Atheniensium</strong></span> <span class='ocrx_word' id='word_1_32' title='bbox 619 1009 878 1092; x_wconf 76' lang='lat' dir='ltr'><strong>rempublicam,</strong></span> <span class='ocrx_word' id='word_1_33' title='bbox 921 1018 960 1074; x_wconf 94' lang='lat' dir='ltr'><strong>ut</strong></span> <span class='ocrx_word' id='word_1_34' title='bbox 994 1011 1103 1074; x_wconf 87' lang='lat' dir='ltr'><strong>credas</strong></span> <span class='ocrx_word' id='word_1_35' title='bbox 1142 1012 1210 1076; x_wconf 86' lang='lat' dir='ltr'><strong>fere</strong></span> 
     </span>
     <span class='ocr_line' id='line_1_7' title="bbox 199 1105 1211 1230; baseline 0.003 -35"><span class='ocrx_word' id='word_1_36' title='bbox 199 1117 204 1126; x_wconf 69' lang='grc'><strong>’</strong></span> <span class='ocrx_word' id='word_1_37' title='bbox 250 1131 292 1195; x_wconf 89' lang='lat' dir='ltr'><strong>·ei</strong></span> <span class='ocrx_word' id='word_1_38' title='bbox 314 1105 519 1230; x_wconf 81' lang='lat' dir='ltr'><strong>propositum</strong></span> <span class='ocrx_word' id='word_1_39' title='bbox 542 1131 656 1208; x_wconf 82' lang='lat' dir='ltr'><strong>fuisse,</strong></span> <span class='ocrx_word' id='word_1_40' title='bbox 692 1133 754 1196; x_wconf 90' lang='lat' dir='ltr'><strong>hac</strong></span> <span class='ocrx_word' id='word_1_41' title='bbox 775 1131 896 1218; x_wconf 46' lang='lat' dir='ltr'><strong>{fabula</strong></span> <span class='ocrx_word' id='word_1_42' title='bbox 924 1134 1058 1196; x_wconf 90' lang='lat' dir='ltr'><strong>docere:</strong></span> <span class='ocrx_word' id='word_1_43' title='bbox 1095 1133 1156 1197; x_wconf 84' lang='lat' dir='ltr'><strong>iras</strong></span> <span class='ocrx_word' id='word_1_44' title='bbox 1179 1147 1211 1198; x_wconf 89' lang='lat' dir='ltr'><strong>et</strong></span> 
     </span>
     <span class='ocr_line' id='line_1_8' title="bbox 251 1252 1210 1339; baseline 0.003 -23"><span class='ocrx_word' id='word_1_45' title='bbox 251 1253 346 1316; x_wconf 63' lang='lat' dir='ltr'><strong>&#39;rix&#39;as</strong></span> <span class='ocrx_word' id='word_1_46' title='bbox 381 1252 503 1318; x_wconf 84' lang='lat' dir='ltr'><strong>civibus</strong></span> <span class='ocrx_word' id='word_1_47' title='bbox 537 1253 651 1316; x_wconf 89' lang='lat' dir='ltr'><strong>eodem</strong></span> <span class='ocrx_word' id='word_1_48' title='bbox 682 1266 778 1336; x_wconf 91' lang='lat' dir='ltr'><strong>pacto</strong></span> <span class='ocrx_word' id='word_1_49' title='bbox 809 1274 873 1317; x_wconf 88' lang='lat' dir='ltr'><strong>esse</strong></span> <span class='ocrx_word' id='word_1_50' title='bbox 895 1255 1119 1336; x_wconf 87' lang='lat' dir='ltr'><strong>deponendas,</strong></span> <span class='ocrx_word' id='word_1_51' title='bbox 1144 1275 1210 1339; x_wconf 93' lang='lat' dir='ltr'><strong>quo</strong></span> 
     </span>
    </p>
   </div>
   <div class='ocr_carea' id='block_1_3' title="bbox 152 1365 1171 1463">
    <p class='ocr_par' dir='ltr' id='par_1_3' title="bbox 152 1365 1171 1463">
     <span class='ocr_line' id='line_1_9' title="bbox 152 1365 1171 1463; baseline 0 -24"><span class='ocrx_word' id='word_1_52' title='bbox 152 1365 158 1378; x_wconf 61' lang='lat'>⁸</span> <span class='ocrx_word' id='word_1_53' title='bbox 263 1373 380 1448; x_wconf 81' lang='lat' dir='ltr'><strong>Furiae</strong></span> <span class='ocrx_word' id='word_1_54' title='bbox 403 1375 560 1440; x_wconf 87' lang='lat' dir='ltr'><strong>ferociam</strong></span> <span class='ocrx_word' id='word_1_55' title='bbox 582 1396 675 1439; x_wconf 88' lang='lat' dir='ltr'><strong>suam</strong></span> <span class='ocrx_word' id='word_1_56' title='bbox 698 1373 915 1457; x_wconf 84' lang='lat' dir='ltr'><strong>deposuissent</strong></span> <span class='ocrx_word' id='word_1_57' title='bbox 928 1372 990 1463; x_wconf 89' lang='lat'><strong>(1)</strong></span> <span class='ocrx_word' id='word_1_58' title='bbox 1075 1389 1078 1395; x_wconf 84' lang='grc'><strong>“</strong></span> <span class='ocrx_word' id='word_1_59' title='bbox 1166 1447 1171 1460; x_wconf 36' lang='grc' dir='ltr'><strong><em>Ι</em></strong></span> 
     </span>
    </p>
   </div>
   <div class='ocr_carea' id='block_1_4' title="bbox 189 1495 1250 2309">
    <p class='ocr_par' dir='ltr' id='par_1_4' title="bbox 189 1495 1250 2309">
     <span class='ocr_line' id='line_1_10' title="bbox 306 1495 1210 1583; baseline 0 -23"><span class='ocrx_word' id='word_1_60' title='bbox 306 1495 473 1561; x_wconf 83' lang='lat' dir='ltr'><strong>Habemus</strong></span> <span class='ocrx_word' id='word_1_61' title='bbox 495 1497 615 1583; x_wconf 75' lang='lat' dir='ltr'><strong>igitur,</strong></span> <span class='ocrx_word' id='word_1_62' title='bbox 652 1508 694 1560; x_wconf 88' lang='lat' dir='ltr'><strong>ut·</strong></span> <span class='ocrx_word' id='word_1_63' title='bbox 718 1496 912 1561; x_wconf 83' lang='lat' dir='ltr'><strong>sententiam</strong></span> <span class='ocrx_word' id='word_1_64' title='bbox 936 1509 1081 1560; x_wconf 89' lang='lat' dir='ltr'><strong>nostram</strong></span> <span class='ocrx_word' id='word_1_65' title='bbox 1105 1495 1210 1560; x_wconf 91' lang='lat' dir='ltr'><strong>absol-</strong></span> 
     </span>
     <span class='ocr_line' id='line_1_11' title="bbox 262 1615 1209 1704; baseline 0.001 -22"><span class='ocrx_word' id='word_1_66' title='bbox 262 1638 396 1694; x_wconf 83' lang='lat' dir='ltr'><strong>vamus,</strong></span> <span class='ocrx_word' id='word_1_67' title='bbox 441 1615 591 1684; x_wconf 90' lang='lat' dir='ltr'><strong>Chorum</strong></span> <span class='ocrx_word' id='word_1_68' title='bbox 625 1617 866 1704; x_wconf 76' lang='lat' dir='ltr'><strong>protogenistae</strong></span> <span class='ocrx_word' id='word_1_69' title='bbox 901 1617 1046 1682; x_wconf 89' lang='lat' dir='ltr'><strong>moribus</strong></span> <span class='ocrx_word' id='word_1_70' title='bbox 1080 1618 1209 1704; x_wconf 76' lang='lat' dir='ltr'><strong>egregie</strong></span> 
     </span>
     <span class='ocr_line' id='line_1_12' title="bbox 261 1729 1209 1828; baseline -0.002 -24"><span class='ocrx_word' id='word_1_71' title='bbox 261 1737 446 1822; x_wconf 86' lang='lat' dir='ltr'><strong>oppositum</strong></span> <span class='ocrx_word' id='word_1_72' title='bbox 466 1733 540 1828; x_wconf 89' lang='lat'>(2),</span> <span class='ocrx_word' id='word_1_73' title='bbox 582 1739 640 1824; x_wconf 90' lang='lat' dir='ltr'><strong>qui</strong></span> <span class='ocrx_word' id='word_1_74' title='bbox 679 1736 873 1825; x_wconf 75' lang='lat' dir='ltr'><strong>gravissimis</strong></span> <span class='ocrx_word' id='word_1_75' title='bbox 908 1729 1057 1826; x_wconf 79' lang='lat' dir='ltr'><strong>iungitur</strong></span> <span class='ocrx_word' id='word_1_76' title='bbox 1093 1741 1209 1826; x_wconf 76' lang='lat' dir='ltr'><strong>agendi</strong></span> 
     </span>
     <span class='ocr_line' id='line_1_13' title="bbox 217 1847 1207 1946; baseline 0.002 -22"><span class='ocrx_word' id='word_1_77' title='bbox 217 1847 220 1854; x_wconf 18' lang='grc' dir='ltr'><strong>Δ</strong></span> <span class='ocrx_word' id='word_1_78' title='bbox 261 1860 410 1945; x_wconf 86' lang='lat' dir='ltr'><strong>partibus</strong></span> <span class='ocrx_word' id='word_1_79' title='bbox 423 1867 448 1937; x_wconf 90' lang='grc'><strong>,’</strong></span> <span class='ocrx_word' id='word_1_80' title='bbox 464 1859 611 1924; x_wconf 89' lang='lat' dir='ltr'><strong>carmina</strong></span> <span class='ocrx_word' id='word_1_81' title='bbox 633 1859 739 1936; x_wconf 89' lang='lat' dir='ltr'><strong>canit,</strong></span> <span class='ocrx_word' id='word_1_82' title='bbox 771 1880 916 1944; x_wconf 90' lang='lat' dir='ltr'><strong>quorum</strong></span> <span class='ocrx_word' id='word_1_83' title='bbox 939 1882 1069 1946; x_wconf 89' lang='lat' dir='ltr'><strong>summa</strong></span> <span class='ocrx_word' id='word_1_84' title='bbox 1091 1873 1138 1926; x_wconf 89' lang='lat' dir='ltr'><strong>est</strong></span> <span class='ocrx_word' id='word_1_85' title='bbox 1160 1861 1207 1926; x_wconf 84' lang='lat' dir='ltr'><strong>vis</strong></span> 
     </span>
     <span class='ocr_line' id='line_1_14' title="bbox 189 1980 1205 2066; baseline 0 -20"><span class='ocrx_word' id='word_1_86' title='bbox 189 2033 192 2040; x_wconf 64' lang='grc'>,</span> <span class='ocrx_word' id='word_1_87' title='bbox 261 1995 294 2047; x_wconf 93' lang='lat' dir='ltr'><strong>et</strong></span> <span class='ocrx_word' id='word_1_88' title='bbox 327 1981 545 2059; x_wconf 78' lang='lat' dir='ltr'><strong>concinnitas,</strong></span> <span class='ocrx_word' id='word_1_89' title='bbox 577 1981 700 2066; x_wconf 89' lang='lat' dir='ltr'><strong>quique</strong></span> <span class='ocrx_word' id='word_1_90' title='bbox 733 1993 867 2045; x_wconf 86' lang='lat' dir='ltr'><strong>externo</strong></span> <span class='ocrx_word' id='word_1_91' title='bbox 894 1980 1009 2046; x_wconf 89' lang='lat' dir='ltr'><strong>habitu</strong></span> <span class='ocrx_word' id='word_1_92' title='bbox 1032 1992 1065 2045; x_wconf 88' lang='lat' dir='ltr'><strong>et</strong></span> <span class='ocrx_word' id='word_1_93' title='bbox 1087 1993 1205 2046; x_wconf 90' lang='lat' dir='ltr'><strong>ornatu</strong></span> 
     </span>
     <span class='ocr_line' id='line_1_15' title="bbox 261 2102 1205 2184; baseline -0.001 -16"><span class='ocrx_word' id='word_1_94' title='bbox 261 2103 334 2168; x_wconf 88' lang='lat' dir='ltr'><strong>talis</strong></span> <span class='ocrx_word' id='word_1_95' title='bbox 356 2116 444 2181; x_wconf 86' lang='lat' dir='ltr'><strong>erat,</strong></span> <span class='ocrx_word' id='word_1_96' title='bbox 469 2115 523 2184; x_wconf 79' lang='lat' dir='ltr'><strong>ut,</strong></span> <span class='ocrx_word' id='word_1_97' title='bbox 553 2103 629 2167; x_wconf 88' lang='lat' dir='ltr'><strong>licet</strong></span> <span class='ocrx_word' id='word_1_98' title='bbox 650 2123 728 2167; x_wconf 84' lang='lat' dir='ltr'><strong>vera</strong></span> <span class='ocrx_word' id='word_1_99' title='bbox 750 2122 817 2170; x_wconf 91' lang='lat' dir='ltr'><strong>non</strong></span> <span class='ocrx_word' id='word_1_100' title='bbox 837 2102 901 2167; x_wconf 89' lang='lat' dir='ltr'><strong>siut</strong></span> <span class='ocrx_word' id='word_1_101' title='bbox 924 2115 956 2166; x_wconf 88' lang='lat' dir='ltr'><strong>et</strong></span> <span class='ocrx_word' id='word_1_102' title='bbox 979 2124 996 2166; x_wconf 92' lang='lat' dir='ltr'><strong>e</strong></span> <span class='ocrx_word' id='word_1_103' title='bbox 1019 2102 1205 2180; x_wconf 82' lang='lat' dir='ltr'><strong>Rhetorum</strong></span> 
     </span>
     <span class='ocr_line' id='line_1_16' title="bbox 258 2223 1250 2309; baseline 0 -21"><span class='ocrx_word' id='word_1_104' title='bbox 258 2224 375 2289; x_wconf 86' lang='lat' dir='ltr'><strong>scholis</strong></span> <span class='ocrx_word' id='word_1_105' title='bbox 406 2224 563 2290; x_wconf 87' lang='lat' dir='ltr'><strong>fluxerint</strong></span> <span class='ocrx_word' id='word_1_106' title='bbox 597 2244 681 2309; x_wconf 91' lang='lat' dir='ltr'><strong>quae</strong></span> <span class='ocrx_word' id='word_1_107' title='bbox 712 2223 753 2288; x_wconf 92' lang='lat' dir='ltr'><strong>de</strong></span> <span class='ocrx_word' id='word_1_108' title='bbox 787 2224 855 2308; x_wconf 87' lang='lat' dir='ltr'><strong>ejus</strong></span> <span class='ocrx_word' id='word_1_109' title='bbox 877 2224 1059 2308; x_wconf 87' lang='lat' dir='ltr'><strong>prodeundi</strong></span> <span class='ocrx_word' id='word_1_110' title='bbox 1082 2223 1206 2289; x_wconf 85' lang='lat' dir='ltr'><strong>ratione</strong></span> <span class='ocrx_word' id='word_1_111' title='bbox 1247 2239 1250 2244; x_wconf 83' lang='lat'>&#39;</span> 
     </span>
    </p>
   </div>
   <div class='ocr_carea' id='block_1_5' title="bbox 260 2341 1307 2433">
    <p class='ocr_par' dir='ltr' id='par_1_5' title="bbox 260 2341 1307 2433">
     <span class='ocr_line' id='line_1_17' title="bbox 260 2341 1307 2433; baseline 0.002 -25"><span class='ocrx_word' id='word_1_112' title='bbox 260 2358 436 2410; x_wconf 89' lang='lat' dir='ltr'><strong>narrantur</strong></span> <span class='ocrx_word' id='word_1_113' title='bbox 450 2343 520 2433; x_wconf 88' lang='lat'>(3),</span> <span class='ocrx_word' id='word_1_114' title='bbox 554 2365 687 2410; x_wconf 90' lang='lat' dir='ltr'><strong>summo</strong></span> <span class='ocrx_word' id='word_1_115' title='bbox 721 2357 808 2410; x_wconf 85' lang='lat' dir='ltr'><strong>certe</strong></span> <span class='ocrx_word' id='word_1_116' title='bbox 831 2346 967 2411; x_wconf 89' lang='lat' dir='ltr'><strong>horrore</strong></span> <span class='ocrx_word' id='word_1_117' title='bbox 988 2346 1207 2430; x_wconf 77' lang='lat' dir='ltr'><strong>spectantium</strong></span> <span class='ocrx_word' id='word_1_118' title='bbox 1302 2341 1307 2350; x_wconf 80' lang='lat'>&#39;</span> 
     </span>
    </p>
   </div>
   <div class='ocr_carea' id='block_1_6' title="bbox 256 2465 1203 2918">
    <p class='ocr_par' dir='ltr' id='par_1_6' title="bbox 259 2465 766 2531">
     <span class='ocr_line' id='line_1_18' title="bbox 259 2465 766 2531; baseline 0.006 -3"><span class='ocrx_word' id='word_1_119' title='bbox 259 2465 385 2530; x_wconf 86' lang='lat' dir='ltr'><strong>animos</strong></span> <span class='ocrx_word' id='word_1_120' title='bbox 410 2479 583 2531; x_wconf 83' lang='lat' dir='ltr'><strong>concutere</strong></span> <span class='ocrx_word' id='word_1_121' title='bbox 605 2465 766 2531; x_wconf 87' lang='lat' dir='ltr'><strong>debuerit.</strong></span> 
     </span>
    </p>

    <p class='ocr_par' dir='ltr' id='par_1_7' title="bbox 256 2585 1203 2918">
     <span class='ocr_line' id='line_1_19' title="bbox 303 2585 1203 2677; baseline 0.008 -28"><span class='ocrx_word' id='word_1_122' title='bbox 303 2585 450 2660; x_wconf 87' lang='lat' dir='ltr'><strong>Tandem</strong></span> <span class='ocrx_word' id='word_1_123' title='bbox 463 2587 702 2664; x_wconf 87' lang='lat' dir='ltr'><strong>animadverto,</strong></span> <span class='ocrx_word' id='word_1_124' title='bbox 717 2587 866 2675; x_wconf 74' lang='lat' dir='ltr'><strong>Aeschyli</strong></span> <span class='ocrx_word' id='word_1_125' title='bbox 889 2609 1021 2673; x_wconf 88' lang='lat' dir='ltr'><strong>prorsus</strong></span> <span class='ocrx_word' id='word_1_126' title='bbox 1033 2590 1203 2677; x_wconf 74' lang='lat' dir='ltr'><strong>ingenium</strong></span> 
     </span>
     <span class='ocr_line' id='line_1_20' title="bbox 257 2708 1203 2798; baseline 0.005 -27"><span class='ocrx_word' id='word_1_127' title='bbox 257 2709 379 2773; x_wconf 87' lang='lat' dir='ltr'><strong>referre</strong></span> <span class='ocrx_word' id='word_1_128' title='bbox 409 2708 572 2774; x_wconf 88' lang='lat' dir='ltr'><strong>rationem</strong></span> <span class='ocrx_word' id='word_1_129' title='bbox 604 2708 714 2785; x_wconf 90' lang='lat' dir='ltr'><strong>illam,</strong></span> <span class='ocrx_word' id='word_1_130' title='bbox 747 2731 813 2796; x_wconf 86' lang='lat' dir='ltr'><strong>qua</strong></span> <span class='ocrx_word' id='word_1_131' title='bbox 843 2711 995 2777; x_wconf 89' lang='lat' dir='ltr'><strong>mulieres</strong></span> <span class='ocrx_word' id='word_1_132' title='bbox 1022 2715 1203 2798; x_wconf 80' lang='grc' dir='ltr'><strong><em>πρόπομποι</em></strong></span> 
     </span>
     <span class='ocr_line' id='line_1_21' title="bbox 256 2803 1203 2918; baseline 0.005 -25"><span class='ocrx_word' id='word_1_133' title='bbox 256 2803 396 2896; x_wconf 71' lang='lat' dir='ltr'><strong>eheunte</strong></span> <span class='ocrx_word' id='word_1_134' title='bbox 418 2829 529 2895; x_wconf 86' lang='lat' dir='ltr'><strong>fabula</strong></span> <span class='ocrx_word' id='word_1_135' title='bbox 551 2830 585 2893; x_wconf 93' lang='lat' dir='ltr'><strong>in</strong></span> <span class='ocrx_word' id='word_1_136' title='bbox 607 2852 737 2896; x_wconf 83' lang='lat' dir='ltr'><strong>scenam</strong></span> <span class='ocrx_word' id='word_1_137' title='bbox 760 2833 923 2915; x_wconf 88' lang='lat' dir='ltr'><strong>prodeunt</strong></span> <span class='ocrx_word' id='word_1_138' title='bbox 950 2844 983 2900; x_wconf 90' lang='lat' dir='ltr'><strong>et</strong></span> <span class='ocrx_word' id='word_1_139' title='bbox 1006 2835 1096 2918; x_wconf 86' lang='lat' dir='ltr'><strong>quasi</strong></span> <span class='ocrx_word' id='word_1_140' title='bbox 1119 2837 1203 2899; x_wconf 89' lang='lat' dir='ltr'><strong>alte·</strong></span> 
     </span>
    </p>
   </div>
   <div class='ocr_carea' id='block_1_7' title="bbox 212 3109 1200 3764">
    <p class='ocr_par' dir='ltr' id='par_1_8' title="bbox 212 3109 1200 3666">
     <span class='ocr_line' id='line_1_22' title="bbox 293 3109 1200 3181; baseline -0.003 -12"><span class='ocrx_word' id='word_1_141' title='bbox 293 3109 338 3181; x_wconf 83' lang='lat'><strong>(1)</strong></span> <span class='ocrx_word' id='word_1_142' title='bbox 357 3115 396 3168; x_wconf 86' lang='lat' dir='ltr'><strong>lie</strong></span> <span class='ocrx_word' id='word_1_143' title='bbox 423 3114 548 3180; x_wconf 87' lang='lat' dir='ltr'><strong>politicis</strong></span> <span class='ocrx_word' id='word_1_144' title='bbox 572 3114 699 3178; x_wconf 75' lang='lat' dir='ltr'><strong>Aeschyli</strong></span> <span class='ocrx_word' id='word_1_145' title='bbox 725 3114 871 3166; x_wconf 80' lang='lat' dir='ltr'><strong>sententiis</strong></span> <span class='ocrx_word' id='word_1_146' title='bbox 898 3118 928 3166; x_wconf 88' lang='lat' dir='ltr'><strong>et</strong></span> <span class='ocrx_word' id='word_1_147' title='bbox 945 3114 1115 3171; x_wconf 77' lang='lat' dir='ltr'><strong>Athenarum</strong></span> <span class='ocrx_word' id='word_1_148' title='bbox 1134 3128 1200 3167; x_wconf 91' lang='lat' dir='ltr'><strong>con·</strong></span> 
     </span>
     <span class='ocr_line' id='line_1_23' title="bbox 255 3193 1200 3277; baseline -0.003 -11"><span class='ocrx_word' id='word_1_149' title='bbox 255 3214 365 3266; x_wconf 85' lang='lat' dir='ltr'><strong>ditione</strong></span> <span class='ocrx_word' id='word_1_150' title='bbox 392 3217 465 3268; x_wconf 88' lang='lat' dir='ltr'><strong>conl.</strong></span> <span class='ocrx_word' id='word_1_151' title='bbox 482 3193 600 3266; x_wconf 81' lang='lat' dir='ltr'><strong>Mueller.</strong></span> <span class='ocrx_word' id='word_1_152' title='bbox 629 3213 707 3266; x_wconf 89' lang='lat' dir='ltr'><strong>Eum.</strong></span> <span class='ocrx_word' id='word_1_153' title='bbox 733 3213 778 3264; x_wconf 66' lang='lat'><strong>2³⁰</strong></span> <span class='ocrx_word' id='word_1_154' title='bbox 799 3215 945 3265; x_wconf 87' lang='lat' dir='ltr'><strong>comment.</strong></span> <span class='ocrx_word' id='word_1_155' title='bbox 964 3227 991 3276; x_wconf 89' lang='lat' dir='ltr'><strong>p.</strong></span> <span class='ocrx_word' id='word_1_156' title='bbox 1011 3213 1066 3264; x_wconf 84' lang='lat'><strong>115</strong></span> <span class='ocrx_word' id='word_1_157' title='bbox 1085 3226 1143 3277; x_wconf 80' lang='lat' dir='ltr'><strong>sqq.</strong></span> <span class='ocrx_word' id='word_1_158' title='bbox 1163 3237 1200 3250; x_wconf 92' lang='lat'>-</span> 
     </span>
     <span class='ocr_line' id='line_1_24' title="bbox 255 3309 1199 3372; baseline 0 -11"><span class='ocrx_word' id='word_1_159' title='bbox 255 3310 451 3363; x_wconf 81' lang='lat' dir='ltr'><strong>Placandarum</strong></span> <span class='ocrx_word' id='word_1_160' title='bbox 475 3309 622 3362; x_wconf 79' lang='lat' dir='ltr'><strong>Furiarum</strong></span> <span class='ocrx_word' id='word_1_161' title='bbox 640 3309 779 3362; x_wconf 83' lang='lat' dir='ltr'><strong>rationem</strong></span> <span class='ocrx_word' id='word_1_162' title='bbox 798 3313 990 3372; x_wconf 74' lang='lat' dir='ltr'><strong>argumentum</strong></span> <span class='ocrx_word' id='word_1_163' title='bbox 1009 3310 1118 3361; x_wconf 86' lang='lat' dir='ltr'><strong>tabulae</strong></span> <span class='ocrx_word' id='word_1_164' title='bbox 1140 3323 1199 3362; x_wconf 86' lang='lat' dir='ltr'><strong>esse</strong></span> 
     </span>
     <span class='ocr_line' id='line_1_25' title="bbox 255 3405 1198 3471; baseline -0.001 -12"><span class='ocrx_word' id='word_1_165' title='bbox 255 3405 756 3471; x_wconf 79' lang='lat' dir='ltr'><strong>exsolollumentdumnominepatet,</strong></span> <span class='ocrx_word' id='word_1_166' title='bbox 776 3406 810 3457; x_wconf 90' lang='lat' dir='ltr'><strong>de</strong></span> <span class='ocrx_word' id='word_1_167' title='bbox 829 3419 884 3470; x_wconf 82' lang='lat' dir='ltr'><strong>quo</strong></span> <span class='ocrx_word' id='word_1_168' title='bbox 904 3408 1014 3470; x_wconf 82' lang='lat' dir='ltr'><strong>praeter</strong></span> <span class='ocrx_word' id='word_1_169' title='bbox 1029 3405 1198 3470; x_wconf 83' lang='lat' dir='ltr'><strong>hypothesin</strong></span> 
     </span>
     <span class='ocr_line' id='line_1_26' title="bbox 212 3503 1197 3569; baseline 0 -14"><span class='ocrx_word' id='word_1_170' title='bbox 212 3525 216 3534; x_wconf 44' lang='grc' dir='ltr'><strong>ν</strong></span> <span class='ocrx_word' id='word_1_171' title='bbox 257 3506 367 3558; x_wconf 80' lang='lat' dir='ltr'><strong>tabulae</strong></span> <span class='ocrx_word' id='word_1_172' title='bbox 385 3507 457 3557; x_wconf 89' lang='lat' dir='ltr'><strong>cont.</strong></span> <span class='ocrx_word' id='word_1_173' title='bbox 477 3503 627 3557; x_wconf 79' lang='lat' dir='ltr'><strong>llermauui</strong></span> <span class='ocrx_word' id='word_1_174' title='bbox 646 3504 677 3556; x_wconf 91' lang='lat' dir='ltr'><strong>iu</strong></span> <span class='ocrx_word' id='word_1_175' title='bbox 696 3503 808 3556; x_wconf 82' lang='lat' dir='ltr'><strong>Recens.</strong></span> <span class='ocrx_word' id='word_1_176' title='bbox 826 3503 902 3556; x_wconf 83' lang='lat' dir='ltr'><strong>Eum.</strong></span> <span class='ocrx_word' id='word_1_177' title='bbox 921 3503 1009 3557; x_wconf 83' lang='lat' dir='ltr'><strong>lluell.</strong></span> <span class='ocrx_word' id='word_1_178' title='bbox 1027 3504 1197 3569; x_wconf 75' lang='lat' dir='ltr'><strong>opuseuvi,</strong></span> 
     </span>
     <span class='ocr_line' id='line_1_27' title="bbox 255 3602 388 3666; baseline 0.015 -14"><span class='ocrx_word' id='word_1_179' title='bbox 255 3602 312 3652; x_wconf 82' lang='lat'><strong>¹17</strong></span> <span class='ocrx_word' id='word_1_180' title='bbox 330 3615 388 3666; x_wconf 81' lang='lat' dir='ltr'><strong>sqq.</strong></span> 
     </span>
    </p>

    <p class='ocr_par' dir='ltr' id='par_1_9' title="bbox 290 3691 1200 3764">
     <span class='ocr_line' id='line_1_28' title="bbox 290 3691 1200 3764; baseline -0.005 -14"><span class='ocrx_word' id='word_1_181' title='bbox 290 3691 334 3762; x_wconf 82' lang='lat'><strong>(2)</strong></span> <span class='ocrx_word' id='word_1_182' title='bbox 352 3699 435 3752; x_wconf 85' lang='lat' dir='ltr'><strong>Plane</strong></span> <span class='ocrx_word' id='word_1_183' title='bbox 453 3699 595 3752; x_wconf 83' lang='lat' dir='ltr'><strong>contraria</strong></span> <span class='ocrx_word' id='word_1_184' title='bbox 623 3697 697 3752; x_wconf 85' lang='lat' dir='ltr'><strong>ratio</strong></span> <span class='ocrx_word' id='word_1_185' title='bbox 724 3695 833 3751; x_wconf 87' lang='lat' dir='ltr'><strong>obtinet</strong></span> <span class='ocrx_word' id='word_1_186' title='bbox 862 3695 891 3746; x_wconf 92' lang='lat' dir='ltr'><strong>iu</strong></span> <span class='ocrx_word' id='word_1_187' title='bbox 920 3695 989 3762; x_wconf 81' lang='lat' dir='ltr'><strong>Sept.</strong></span> <span class='ocrx_word' id='word_1_188' title='bbox 1016 3699 1104 3748; x_wconf 83' lang='lat' dir='ltr'><strong>contro</strong></span> <span class='ocrx_word' id='word_1_189' title='bbox 1125 3693 1200 3764; x_wconf 62' lang='lat' dir='ltr'><strong>litet,</strong></span> 
     </span>
    </p>
   </div>
   <div class='ocr_carea' id='block_1_8' title="bbox 252 3796 1197 3959">
    <p class='ocr_par' dir='ltr' id='par_1_10' title="bbox 252 3796 1197 3959">
     <span class='ocr_line' id='line_1_29' title="bbox 252 3796 495 3853; baseline 0.004 -4"><span class='ocrx_word' id='word_1_190' title='bbox 252 3800 282 3849; x_wconf 89' lang='lat' dir='ltr'><strong>et</strong></span> <span class='ocrx_word' id='word_1_191' title='bbox 299 3796 387 3850; x_wconf 81' lang='lat' dir='ltr'><strong>Prom.</strong></span> <span class='ocrx_word' id='word_1_192' title='bbox 405 3801 495 3853; x_wconf 77' lang='lat' dir='ltr'><strong>cincto.</strong></span> 
     </span>
     <span class='ocr_line' id='line_1_30' title="bbox 289 3881 1197 3959; baseline -0.006 -14"><span class='ocrx_word' id='word_1_193' title='bbox 289 3884 334 3956; x_wconf 83' lang='grc'><strong>(3)</strong></span> <span class='ocrx_word' id='word_1_194' title='bbox 353 3894 428 3946; x_wconf 84' lang='lat' dir='ltr'><strong>coni.</strong></span> <span class='ocrx_word' id='word_1_195' title='bbox 446 3894 545 3946; x_wconf 86' lang='lat' dir='ltr'><strong>Bernh.</strong></span> <span class='ocrx_word' id='word_1_196' title='bbox 572 3908 601 3958; x_wconf 86' lang='lat' dir='ltr'><strong>p.</strong></span> <span class='ocrx_word' id='word_1_197' title='bbox 621 3892 684 3945; x_wconf 74' lang='lat' dir='ltr'><strong>tii.</strong></span> <span class='ocrx_word' id='word_1_198' title='bbox 704 3881 732 3944; x_wconf 81' lang='lat' dir='ltr'><strong>et</strong></span> <span class='ocrx_word' id='word_1_199' title='bbox 760 3881 874 3944; x_wconf 85' lang='lat' dir='ltr'><strong>o&#39;muino</strong></span> <span class='ocrx_word' id='word_1_200' title='bbox 894 3886 1043 3942; x_wconf 87' lang='lat' dir='ltr'><strong>Hermanni</strong></span> <span class='ocrx_word' id='word_1_201' title='bbox 1063 3888 1097 3939; x_wconf 89' lang='lat' dir='ltr'><strong>de</strong></span> <span class='ocrx_word' id='word_1_202' title='bbox 1116 3887 1197 3959; x_wconf 59' lang='lat' dir='ltr'><strong>chor,</strong></span> 
     </span>
    </p>
   </div>
   <div class='ocr_carea' id='block_1_9' title="bbox 252 3983 1196 4152">
    <p class='ocr_par' dir='ltr' id='par_1_11' title="bbox 252 3983 1196 4152">
     <span class='ocr_line' id='line_1_31' title="bbox 253 3983 1196 4054; baseline -0.006 -12"><span class='ocrx_word' id='word_1_203' title='bbox 253 3988 604 4054; x_wconf 81' lang='lat' dir='ltr'><strong>Eumdiss.1¹.0puscc.</strong></span> <span class='ocrx_word' id='word_1_204' title='bbox 623 3989 677 4054; x_wconf 88' lang='lat' dir='ltr'><strong>Vt,</strong></span> <span class='ocrx_word' id='word_1_205' title='bbox 698 3987 760 4041; x_wconf 77' lang='lat' dir='ltr'><strong>iss.</strong></span> <span class='ocrx_word' id='word_1_206' title='bbox 799 3987 837 4040; x_wconf 84' lang='lat' dir='ltr'><strong>lle</strong></span> <span class='ocrx_word' id='word_1_207' title='bbox 855 3985 902 4041; x_wconf 83' lang='lat' dir='ltr'><strong>XV</strong></span> <span class='ocrx_word' id='word_1_208' title='bbox 921 3985 1012 4037; x_wconf 81' lang='lat' dir='ltr'><strong>Furiis</strong></span> <span class='ocrx_word' id='word_1_209' title='bbox 1030 3987 1102 4038; x_wconf 89' lang='lat' dir='ltr'><strong>cont.</strong></span> <span class='ocrx_word' id='word_1_210' title='bbox 1122 3983 1196 4037; x_wconf 86' lang='lat' dir='ltr'><strong>idem</strong></span> 
     </span>
     <span class='ocr_line' id='line_1_32' title="bbox 252 4085 888 4152; baseline -0.008 -12"><span class='ocrx_word' id='word_1_211' title='bbox 252 4101 282 4152; x_wconf 87' lang='lat' dir='ltr'><strong>p.</strong></span> <span class='ocrx_word' id='word_1_212' title='bbox 300 4085 355 4142; x_wconf 71' lang='lat'><strong>124</strong></span> <span class='ocrx_word' id='word_1_213' title='bbox 374 4100 431 4151; x_wconf 83' lang='lat' dir='ltr'><strong>sqq.</strong></span> <span class='ocrx_word' id='word_1_214' title='bbox 883 4091 888 4102; x_wconf 85' lang='grc'><em>’</em></span> 
     </span>
    </p>
   </div>
   <div class='ocr_carea' id='block_1_10' title="bbox 0 0 1512 5000">
    <p class='ocr_par' dir='ltr' id='par_1_12' title="bbox 0 0 1512 5000">
     <span class='ocr_line' id='line_1_33' title="bbox 0 0 1512 5000; baseline 0 3"><span class='ocrx_word' id='word_1_215' title='bbox 0 0 1512 5000; x_wconf 95' lang='lat' dir='ltr'><strong> </strong></span> 
     </span>
    </p>
   </div>
  </div>
 </body>
</html>
