2902 5004
774 369 930 422 ...20-

385 581 513 634 mature
532 566 603 652 jam
625 567 670 632 ita
697 567 739 630 ab
764 567 910 632 instituto
932 568 1143 646 deflexerant,
1170 583 1205 636 ut
1221 593 1328 656 popu-

385 693 433 755 lus
456 687 639 775 quondm,
665 688 754 772 quasi
766 688 969 774 sacrilegium
994 690 1123 766 veritus,
1148 695 1326 758 exclamas-

384 823 431 875 set
447 813 480 876 τί
499 812 599 878 ταῦτα
615 811 691 894 πρὸς
712 811 768 874 τὸν
787 813 959 888 Aedronem
984 824 1191 875 reservarunt
1213 825 1326 878 tamen

383 931 530 998 Chorum
564 943 722 1016 tanquam
767 929 893 994 socium
936 930 1195 1012 nobilissimum,
1232 935 1326 1017 cujus

381 1053 485 1140 gratia
518 1051 646 1136 publice
689 1051 887 1134 amplissimo
928 1054 1052 1117 honore
1092 1053 1323 1140 dignabantur.

380 1172 443 1238 Sed
466 1194 571 1260 quum
604 1170 703 1238 Chori
728 1173 849 1237 indoles
871 1173 912 1238 ab
943 1174 1068 1238 actione
1096 1176 1199 1240 aliena
1222 1189 1323 1251 esset,

381 1296 448 1378 ejus
490 1308 596 1379 partes
641 1315 773 1380 quoque
812 1315 889 1360 cum
932 1295 1059 1382 dialogo
1093 1319 1195 1381 aeque
1229 1311 1323 1361 erant

380 1414 630 1494 consociandae;
668 1429 700 1480 et
735 1435 801 1499 quo
829 1415 1063 1500 frequentiores
1087 1417 1239 1502 colloquii
1273 1417 1322 1482 vi-

381 1559 448 1610 ces,
496 1557 534 1600 eo
575 1535 715 1602 rariores
757 1533 860 1600 Chori
895 1549 1000 1618 partes
1046 1537 1117 1601 ficri
1154 1552 1321 1604 consenta-

378 1679 478 1721 neum
511 1670 588 1722 erat.
636 1654 740 1734 Hinc,
774 1658 861 1741 justo
889 1658 1036 1723 dramate
1069 1663 1168 1724 semel
1204 1663 1322 1726 consti·

378 1792 470 1854 tuto,
504 1779 591 1844 sedes
632 1799 703 1842 suas
737 1779 862 1862 saepius
897 1793 1024 1844 mutare
1062 1781 1186 1847 debuit.
1241 1783 1321 1868 Ejus

377 1922 516 1966 munera
549 1899 746 1986 Aeschylus,
787 1913 824 1964 ut
868 1897 996 1986 reliqua
1034 1903 1164 1978 omnia,
1204 1907 1321 1990 mytho

376 2022 529 2088 inservire
551 2023 640 2106 jussit
671 2034 703 2086 et
725 2023 765 2086 ad
788 2019 953 2087 actionem
975 2022 1104 2086 fabulae
1133 2023 1318 2108 adaptavit:

378 2143 505 2210 Chorus
550 2144 667 2208 dehinc
701 2166 720 2208 a
750 2143 883 2230 Dionysi
915 2143 1065 2209 laudibus
1099 2145 1243 2210 revocari
1286 2159 1319 2211 ct

377 2265 516 2351 tragicae
550 2263 632 2341 arti,
664 2284 724 2347 pro
757 2263 901 2334 viribus.
936 2266 1127 2350 adjumenta
1160 2265 1319 2330 submini-

375 2400 476 2452 strare
500 2384 616 2468 coepit.
662 2383 769 2449 Simul
792 2398 903 2449 tamen
926 2397 1078 2470 apparet,
1101 2385 1135 2450 in
1157 2386 1320 2472 antiquis-

375 2505 678 2594 simistragoediis,
703 2527 786 2590 quae
822 2505 986 2571 minorem
1017 2507 1178 2572 actionem
1215 2506 1318 2574 conti-

376 2643 492 2695 nerent
526 2628 717 2712 parciusque
740 2625 938 2691 histrionum
960 2625 1105 2692 subsidiis
1136 2641 1238 2692 essent
1268 2629 1317 2692 in-

375 2762 537 2826 structae,
573 2749 701 2812 chorica
736 2768 875 2811 munera
908 2748 1066 2830 ampliora
1105 2761 1137 2812 ct
1170 2750 1322 2835 graviora

376 2874 492 2944 fuisse:
538 2870 818 2956 quemadmodum
863 2870 1000 2944 eadem,
1048 2869 1306 2936 succrescentibu

374 2995 570 3062 histrionum
606 2990 770 3076 partibus,
802 2989 920 3054 sensim
943 2988 1177 3074 paullatimque
1200 2991 1319 3056 arctius

374 3115 594 3184 circumscribi
617 3113 815 3190 debuerunt3
839 3111 884 3177 ita
900 3123 976 3175 ute
997 3111 1176 3197 lyricorum
1191 3112 1319 3176 ratione

374 3243 414 3304 de
433 3239 635 3322 reliquarum
659 3233 801 3316 partium
834 3247 891 3298 aut
913 3231 1118 3316 simplicitate
1152 3245 1208 3297 aut
1241 3254 1318 3298 con·

375 3361 527 3426 cinnitate
550 3355 794 3444 quodammodo
818 3353 909 3417 nohis
930 3365 1070 3417 statuere
1095 3351 1198 3418 liccat.

420 3479 647 3566 Antiquissima
672 3475 818 3560 Aeschyli
841 3495 940 3556 opera
957 3473 1032 3538 artis
1055 3475 1198 3560 tragicae
1210 3475 1316 3538 infan-

373 3605 452 3670 tiam
478 3601 584 3686 palam
610 3597 752 3662 faciunt:
775 3595 958 3682 significant
970 3600 1100 3678 politam
1117 3616 1236 3662 novam
1248 3609 1316 3661 tra·

371 3725 502 3810 goediae
525 3721 685 3785 rationem
717 3731 782 3782 non
814 3718 857 3780 ita
891 3717 1040 3800 expedite
1063 3717 1252 3796 instituisse,
1276 3731 1316 3783 ut

371 3849 438 3932 ejus
472 3843 647 3929 imaginem
672 3843 792 3914 talem,
817 3841 948 3923 qualem
980 3852 1088 3904 mente
1112 3840 1314 3915 intueretur,

371 3967 514 4034 carmine
560 3963 767 4046 exprimeret.
815 3959 983 4026 Actionem
1027 3960 1143 4026 fabulis
1173 3960 1316 4044 subjecit

370 4089 514 4175 quidem,
538 4087 591 4149 sed
612 4086 708 4147 talem
728 4104 810 4168 quae
827 4081 1024 4146 dramatico
1041 4082 1102 4146 dici
1122 4079 1174 4146 rix
1194 4094 1313 4164 posset.
