2902 5004
706 365 845 418 ...6-

303 566 451 631 additum
475 587 557 642 esse3
582 565 637 629 sed
660 565 762 650 qualis
779 565 831 627 ille
843 567 1028 649 ὑποκριτὴς,
1054 563 1154 648 qualis
1166 563 1244 627 itern

304 693 404 774 ῥῆσις,
429 709 529 772 quam
554 684 688 770 Thespis
710 685 849 764 invenit,
875 686 991 760 fuerit,
1013 698 1046 749 et
1062 676 1182 748 ¹utrum
1196 686 1247 748 hi·
1294 719 1297 724 v

302 809 381 874 strio
417 808 505 872 idem
535 808 592 892 qui
616 804 715 872 Chori
738 807 823 883 dux,
853 829 894 872 an
916 805 1109 894 a'Chorego
1143 807 1248 872 diver-

302 951 355 994 sus
379 929 479 993 fuerit
501 961 540 971 -
563 925 627 993 hac
649 928 688 990 de
711 949 747 991 re
770 928 912 992 diversae
934 930 1087 992 seruntur
1102 929 1248 992 virorum

304 1053 481 1117 doctorum
504 1049 682 1140 sententiae
696 1044 756 1136 (1).

349 1171 477 1239 Chorus
499 1170 620 1258 igitur,
643 1171 709 1236 sive
731 1170 898 1248 diverbiis,
921 1171 987 1236 sive
1009 1171 1169 1236 histrionis
1193 1173 1250 1236 ali·

304 1315 370 1380 quo
403 1313 552 1358 sermone
587 1291 794 1376 interposito,
830 1301 1006 1374 perpetuus
1042 1313 1105 1358 esse
1139 1291 1248 1369 desiit;

302 1419 348 1480 ita
370 1427 482 1480 tamen
504 1426 542 1478 ut
565 1414 679 1501 lyricas
708 1423 833 1496 partes,
857 1412 931 1486 licet
954 1413 1085 1476 fortasse
1104 1415 1250 1476 multum

303 1531 511 1612 imminui'as,
548 1535 645 1618 epicis
677 1536 774 1620 longe
805 1533 976 1615 ampliores
999 1533 1094 1597 fuisse
1116 1533 1185 1598 veri
1209 1531 1251 1597 si-

303 1659 382 1721 milo
404 1657 456 1722 sit.
504 1655 574 1719 Hoc
596 1658 667 1719 loco
690 1656 836 1718 dolemus
855 1655 1018 1737 jacturam
1030 1651 1107 1716 libri
1115 1701 1125 1733 ,
1149 1676 1250 1740 quem

304 1781 343 1842 de
368 1776 478 1844 Choro
514 1776 670 1860 scripsisse
702 1773 877 1858 Sophocles
905 1772 1105 1863 dicitur(2),
1137 1775 1195 1861 qui
1225 1778 1252 1841 si

303 1909 441 1964 exstaret
464 1919 593 1972 meam,
617 1897 686 1961 imo
708 1897 860 1961 omnium
873 1897 1006 1960 fortasse
1018 1897 1250 1974 recentiorum,

303 2041 439 2104 operam
471 2039 746 2103 supervacaneam
780 2019 946 2096 redderem
983 2019 1036 2081 sed
1071 2017 1138 2102 ejus
1168 2017 1251 2083 nihil

302 2156 431 2224 praeter
463 2140 660 2204 memoriam
694 2139 832 2204 servavit
863 2136 997 2206 Suidas:
1022 2145 1061 2215 „0‘
1084 2136 1251 2220 Σοφοκλῆς

303 2262 423 2346 ἔγραψε
438 2306 562 2324 ......
586 2262 732 2346 περὶτοῦ
758 2262 847 2345 χοροῦ
872 2265 948 2344 πρὸς
962 2258 1081 2344 &ioum
1104 2265 1157 2324 uui
1170 2267 1250 2338 Xoi-¹

304 2380 392 2466 ρίλον
423 2381 688 2464 οἷγωνιζόμενος.”
716 2417 761 2432 -
795 2381 883 2447 Haec
906 2381 974 2464 ipsa
996 2393 1108 2446 tamen
1131 2378 1249 2446 Suidae

303 2503 402 2568 verba
435 2505 534 2588 „apic
567 2502 686 2569 Θέσπιν
710 2529 741 2568 κ.
765 2528 794 2570 τ.
816 2501 845 2572 λ.
869 2503 994 2568 etiamsi
1017 2505 1058 2569 ad
1080 2516 1248 2569 certamen

303 2625 431 2692 aliunde
463 2645 530 2688 non
562 2626 730 2712 cognitum
753 2625 945 2708 respiciant,
977 2643 1113 2711 arguere
1136 2619 1249 2688 viden·

303 2759 374 2822 tur,
387 2745 554 2829 Thespidis
565 2759 598 2810 et
610 2743 753 2810 Choerili
776 2745 902 2810 fabulas
912 2767 1120 2830 nequaquam
1133 2746 1176 2810 ad
1186 2743 1250 2811 So.

303 2870 474 2953 phocleam
498 2889 649 2934 normam
674 2868 770 2932 fuisse
794 2861 1001 2952 compositas.¹
1022 2868 1132 2952 Atque
1142 2888 1248 2954 quum

303 2991 372 3063 hic,
393 2992 502 3075 judice
525 2990 699 3058 Aristotele
712 2987 773 3078 (3),
800 2987 899 3054 Chori
922 3001 1029 3073 partes
1054 2989 1178 3072 optime
1194 3009 1248 3052 or·

305 3196 463 3208 ..n—..-

273 3397 277 3400 -
339 3319 384 3388 (1)
402 3325 486 3378 eona.
514 3326 582 3377 God.
612 3327 757 3377 Hermann.
785 3325 899 3390 Opusec.
924 3328 991 3391 vll,
1019 3327 1082 3378 218.
1111 3332 1139 3379 et
1162 3330 1247 3391 praei.

304 3424 373 3485 cyri.
393 3437 418 3486 p.
438 3422 492 3486 νίς
512 3427 539 3473 ei
558 3425 584 3474 C.
605 3423 647 3476 Fr.
667 3423 812 3475 Hermann.
832 3425 867 3478 de
885 3423 964 3475 distr.
984 3425 1147 3488 pateinter
1166 3425 1247 3478 histr.

306 3537 332 3583 p.
353 3519 397 3571 15.

344 3608 389 3679 (l)
406 3615 505 3667 Suidae
525 3629 582 3667 roc.
596 3606 760 3681 Σοφοκλῆς.
799 3615 900 3668 Endos.
920 3631 948 3681 p.
967 3616 1030 3668 384.
1050 3641 1086 3654 -
1106 3613 1175 3682 Περὶ
1195 3631 1248 3683 χο-

306 3712 355 3776 ρῶν
384 3714 467 3764 eiiam
496 3712 643 3764 Aristocles
670 3726 740 3778 opus
759 3712 901 3775 scripsisse
919 3713 1023 3764 dicitur
1043 3715 1192 3768 Athenaeo.
1212 3715 1247 3777 4,

305 3809 377 3869 1⁷4,
398 3809 492 3862 C.14.

340 3900 384 3968 (3)
402 3899 479 3960 Pori.
498 3907 524 3958 C.
543 3907 589 3957 18.
619 3901 668 3956 nai
694 3901 744 3958 siv
770 3901 854 3973 χορδν
882 3898 913 3959 δὲ
942 3894 992 3959 ἕνα
1018 3898 1064 3958 δεῖ
1089 3901 1248 3973 ὑπολαβεῖν

303 4000 359 4056 τῶν
379 3996 536 4069 ὑποκριτῶν
555 3997 604 4054 nal
623 3994 715 4067 μόριον
736 3992 807 4056 siras
834 3999 887 4056 τοῦ
913 3994 999 4065 ὅλον,
1026 3999 1075 4056 aul
1096 4000 1247 4071 συναγωνί-

301 4093 414 4168 ζεσθαι,
435 4097 473 4165 μὴ
494 4091 582 4165 ὥσπερ
604 4088 775 4163 Εὐριπίδης,
796 4087 872 4152 ἀλλ’
893 4092 981 4165 ὥσπερ
1000 4090 1162 4165 Σοφοκλῆς.
