3016 5000
564 321 723 378 ..91-

220 523 333 610 Itaque
358 525 473 588 Oreste
495 523 578 589 sicut
601 533 796 606 optaverant
821 541 966 596 reverse,
993 518 1118 585 Chorus

178 646 347 721 hortantis,
373 643 580 719 consolantis,
605 642 784 728 instigantis
805 655 909 724 partes
931 653 1042 704 tuetur
1056 639 1117 730 (t),

177 770 271 853 idque
297 767 415 850 quibus
435 763 631 841 rationibus,
657 783 723 857 quo
745 784 888 827 successu
911 761 1006 826 faciat
1021 782 1120 844 supra

175 893 240 974 jam
260 887 490 954 recensuimus.
513 881 610 969 Quod
631 883 763 967 quidem
785 904 914 958 munus,
937 905 956 946 a
977 881 1121 952 Westri-

178 1012 230 1074 kio
252 1007 301 1097 (2)
341 1008 449 1071 minus
485 1007 768 1079 animadversum,
810 1005 928 1068 merito
962 1017 1120 1086 tanquam

178 1131 373 1215 primarium
396 1129 522 1193 notavit
544 1123 737 1212 Bernhardy
755 1123 818 1212 (3).

144 1297 147 1310 ·
221 1251 369 1336 Denique
386 1248 493 1316 Oresti
514 1257 583 1333 jam
610 1250 741 1312 eaedem
761 1244 909 1310 molienti
932 1244 1122 1309 interiorem

181 1374 307 1440 aedium
333 1371 551 1436 conditionem
575 1369 699 1452 aperit,
735 1367 868 1452 ejusque
893 1366 1011 1432 insidiis
1036 1369 1124 1429 favet

182 1505 254 1559 tum
286 1494 320 1556 in
351 1492 495 1558 diverbio
526 1512 604 1554 cum
634 1487 767 1556 Nutrice
789 1509 834 1552 vs.
860 1489 946 1564 759,
981 1500 1054 1551 tum
1081 1506 1142 1576 eo¹

182 1617 269 1701 quod
291 1613 445 1699 Aegistho
482 1607 652 1676 haesitanti
677 1611 849 1693 persuadet
883 1623 920 1673 ut
956 1611 1049 1673 aedes
1075 1609 1124 1672 in·

181 1735 365 1822 mediatur,
390 1755 435 1798 vs.
460 1733 541 1796 835.
588 1730 715 1816 Quibus
740 1731 816 1796 locis
840 1744 1042 1814 quantopere
1058 1731 1124 1818 fa-

181 1855 358 1920 mularum
379 1865 485 1938 partes
510 1857 591 1918 κατὰ
618 1856 653 1918 τὸ
676 1855 755 1927 εἰκὸς
776 1889 821 1903 ·-
843 1876 884 1917 ne
911 1854 1019 1918 dicam
1044 1857 1125 1919 κατὰ

182 1985 217 2042 τό
241 1979 416 2056 ἀναγκαῖον
430 2009 471 2024 -·
494 1975 656 2058 adhibitae
678 1977 753 2050 sint,
776 1996 876 2039 nemo
899 1990 945 2040 est
968 1977 1049 2060 quin
1071 1979 1123 2040 vi-

185 2102 272 2164 deat.

188 2295 190 2304 y
225 2220 387 2284 Hactenus
421 2219 460 2281 de
504 2216 630 2282 actione
675 2216 795 2282 Chori:
843 2219 882 2281 de
925 2220 1125 2284 carminibus

180 2341 271 2406 brevi
321 2341 534 2404 absolvamus.
591 2337 675 2404 Sunt
710 2361 747 2404 ea
789 2361 928 2404 numero
962 2355 1126 2425 quatuor,

178 2484 338 2498 ...au—ns·-

215 2533 258 2603 (1)
277 2541 313 2592 Ct.
333 2540 424 2590 Bamb.
444 2541 479 2590 ad
500 2554 535 2589 vs.
555 2539 703 2592 298-459
723 2541 765 2592 ed.
785 2547 863 2590 suae:

216 2629 258 2700 (2)
278 2637 526 2699 nassiterna,
547 2651 572 2698 p.
583 2637 647 2688 155.
685 2637 760 2688 Idem
780 2641 924 2700 praeterea
944 2652 971 2700 p.
990 2639 1046 2689 152
1066 2652 1126 2701 sqq.

177 2735 280 2786 Orestis
307 2747 413 2794 mores,
445 2747 461 2784 a
490 2733 630 2784 Klauseno
665 2737 693 2784 ct
723 2735 905 2796 Bambsrgero
943 2735 1126 2786 diversissime

177 2844 288 2894 quoque
313 2831 487 2894 descriptos,
525 2831 742 2891 vehementiores
779 2835 807 2882 et
833 2831 963 2884 tortiores
992 2832 1127 2894 expressit

177 2941 261 2990 quam
280 2940 375 2977 reuera
404 2929 476 2978 suut.
495 2951 532 2964 -·
569 2925 869 2990 Quodsi-«impigrum
899 2931 927 2978 et
953 2929 1069 2992 fortem,
1095 2927 1125 2978 in
1229 2957 1232 2964 -

177 3023 241 3087 ipso
257 3023 409 3086 Juventutis
428 3023 514 3082 flore,
542 3023 661 3073 ferocem
691 3025 718 3072 et
738 3023 889 3087 audacem,
910 3022 1067 3074 inauditum
1088 3026 1128 3074 ta·

177 3120 258 3170 cinus
277 3132 488 3183 aggressurum,
509 3131 597 3180 neque
617 3121 707 3168 tamen
727 3117 796 3168 illud
816 3121 979 3182 perpetrare
998 3121 1128 3171 dubitan-

176 3219 267 3281 tem‚’³
294 3218 319 3268 si
343 3217 426 3268 talem
445 3229 502 3268 esse
519 3215 696 3278 Aeschyleum
715 3215 838 3266 Orestem
855 3215 1010 3272 ,Wsstrikio
1030 3219 1127 3269 adsen-

177 3314 264 3378 tiris,
284 3327 345 3366 cum
365 3328 398 3364 eo
418 3327 528 3378 quoque
557 3313 641 3374 facies
660 3313 708 3364 ubi
729 3315 885 3376 trequentes
903 3314 988 3366 Chori
1006 3317 1042 3366 ad
1061 3316 1128 3367 deos

178 3423 275 3473 preces
295 3413 445 3473 longosque
464 3414 561 3462 cantus
580 3409 679 3478 carpit.

218 3499 262 3570 (3)
281 3508 401 3558 Grundr.
420 3521 448 3572 p.
471 3507 533 3560 730.
562 3507 651 3558 Wenn
672 3520 728 3557 nun
749 3505 912 3570 gleichwohl
931 3507 1008 3561 seiae
1026 3510 1127 3562 Person

180 3603 260 3654 nicht
280 3604 399 3656 ucberall
420 3603 568 3667 singnis,
598 3605 666 3655 oder
686 3604 730 3654 ein
751 3605 935 3657 bedentendes
954 3607 1078 3660 Gewieht
1097 3605 1127 3656 in

180 3699 228 3750 dic
246 3701 428 3764 Wagschalen
448 3701 714 3752 des'dislektisehen
735 3701 874 3753 Processcs
893 3703 977 3767 wira,
997 3702 1130 3754 vielmehr

180 3798 236 3847 den
253 3798 405 3850 cnarakter
418 3798 851 3862 desProtagonisteuahschsttct
865 3793 987 3862 (Pron),
1008 3802 1067 3852 oder
1085 3803 1131 3852 mtt

180 3897 267 3946 sciren
285 3895 384 3948 Planco
402 3897 456 3948 stet
475 3895 620 3948 subueniret
639 3898 691 3948 uad
709 3897 753 3948 ihu
772 3898 850 3951 dures
878 3897 983 3962 etsrtoea
1000 3896 1130 3964 Zasprucir

179 3991 290 4056 foardert
309 3984 459 4060 (Choma),
474 4007 509 4044 su
527 3993 594 4056 liegt
614 3995 687 4046 doch
706 3995 853 4060 durchwcg
873 3995 901 4046 in
921 3994 1017 4047 seinen
1037 3995 1128 4048 Redeo

160 4091 239 4142 'und
259 4091 415 4156 Geeaangen
436 4090 480 4142 eiu
501 4089 664 4142 idealiscnes
683 4089 773 4143 dotis.
