2902 5004
570 330 728 383 „45-

181 560 240 604 rua
266 549 297 600 et
321 533 440 618 pietate
461 530 493 593 in
510 529 610 594 breve
637 539 766 609 ternpus
792 525 1004 607 propulsant,
1032 535 1129 610 atque

184 677 246 742 pro
270 653 363 721 variis
385 650 574 724 effectibus,
597 668 675 731 spe,
700 657 809 721 metu,
833 664 964 731 angore,
989 646 1128 724 laetitia,

185 779 264 842 adeo
296 774 451 841 sublimes
490 770 633 853 produnt
670 764 770 830 animi
817 785 943 840 sensus,
990 778 1027 829 ut
1058 767 1133 850 jure

186 896 382 963 Muellerum
409 889 535 975 opinari
567 898 701 971 putem:
738 885 923 950 carminum
950 887 1132 972 lyricorum

186 1015 468 1104 pulchritudinem
505 1009 658 1086 effecisse,
684 1020 723 1072 ut
748 1007 859 1074 fabula
890 1007 982 1073 nobis
1007 1021 1134 1074 servata

187 1138 227 1206 sit
241 1134 302 1226 (l).
347 1111 534 1198 Personam
554 1126 654 1194 Chori
686 1129 720 1192 in
754 1131 817 1194 hac
843 1129 1008 1216 tragoedia
1031 1128 1136 1194 Bern-

187 1259 292 1342 hardy
317 1255 367 1320 his
391 1252 497 1318 verbis
530 1263 636 1316 notat:
664 1292 686 1326 „
695 1249 800 1327 idem,
830 1251 955 1336 inquit,
987 1263 1021 1314 et
1049 1261 1136 1315 acto-

191 1380 234 1444 ris
254 1390 375 1462 partes,
391 1387 424 1441 et
448 1373 576 1438 moralis
599 1391 753 1455 personae
766 1369 914 1435 officium
927 1382 1039 1435 tuetur
1048 1373 1078 1433 :”
1093 1414 1134 1424 .-

193 1519 258 1582 qua
280 1495 465 1561 definitione
486 1493 585 1557 etiam
609 1491 805 1556 Eumenides
828 1493 1057 1576 complectitur
1070 1493 1118 1582 (2)

254 1771 257 1776 -
370 1740 398 1824 §.
421 1739 454 1802 3.
500 1734 624 1800 Srrrru
647 1756 774 1800 carran
801 1735 941 1802 Turres.

238 1977 416 2053 Ernocnrs,
448 1997 555 2061 quum
579 1979 619 2040 de
643 1977 906 2059 impendentibus
928 1978 1021 2043 malis
1043 2001 1060 2043 a
1082 1979 1136 2044 Ti·

194 2098 276 2162 resia
307 2097 529 2182 praemonitus
561 2097 784 2183 cognovisset,
823 2112 923 2164 noctu
953 2103 1136 2167 convenisse

195 2221 312 2297 hostes,
337 2233 373 2284 ut
395 2221 457 2284 hoc
481 2219 550 2302 ipso
573 2219 625 2282 die
648 2219 768 2283 urbem
786 2223 1051 2308 aggrederentur,
1065 2245 1139 2286 rem

198 2364 275 2408 cunr
306 2342 428 2406 civibus
462 2341 687 2406 communicat
720 2361 901 2426 eorumque
940 2343 1065 2408 anlrnos
1100 2347 1141 2408 ad

196 2463 427 2530 tortitudinem
461 2464 623 2528 hortatur.
669 2459 743 2547 Quo
781 2462 900 2527 certior
923 2477 1032 2528 autem
1055 2465 1141 2530 soret
1254 2481 1256 2484 ·

199 2588 240 2651 de
272 2585 369 2651 rebus
402 2585 604 2669 consiliisque
626 2585 793 2662 hostium,
823 2585 906 2649 viros
929 2586 1053 2670 aliquot
1072 2609 1144 2672 spe·

200 2708 347 2770 colatum
383 2704 493 2780 misit,
527 2695 671 2789 quorum
707 2724 741 2766 se
773 2703 928 2767 nuntium
959 2717 1144 2786 exspectare

201 2839 324 2890 narrat.
370 2823 470 2890 Dicto
501 2823 595 2890 citius
628 2821 792 2903 ’Ἄγγελος
821 2825 980 2900 advolat,
1006 2825 1062 2908 qui
1085 2837 1132 2890 ets

202 2965 268 3008 non
302 2945 413 3012 omnia
442 2958 591 3010 accurate
628 2947 844 3027 explorasset,
876 2945 1069 3008 summatim
1086 2959 1148 3015 ,ta-

205 3085 282 3128 men
315 3067 438 3139 refert,
470 3078 595 3148 septem
617 3086 682 3129 esse
706 3065 870 3129 hostilium
893 3065 1062 3149 copiarum
1084 3065 1148 3132 du-

205 3207 275 3259 ces,
309 3185 388 3270 qui,
421 3185 588 3250 sortitione
606 3189 714 3261 fecta,
738 3186 817 3251 alius
839 3187 937 3251 aliam
960 3186 1049 3252 urbis
1070 3210 1151 3272 por-

200 3395 280 3446 brari
299 3395 497 3448 animadvertit
515 3395 589 3447 Bodc
608 3395 715 3458 peut,
736 3396 785 3459 qut
805 3398 931 3449 conterre
946 3399 1027 3463 J'abet
1047 3401 1150 3454 Bluem·

202 3505 252 3543 ner
272 3496 299 3544 ct
310 3491 447 3544 ¹lllausen.

240 3580 284 3654 (1)
306 3591 350 3642 Gr.
369 3590 506 3652 thgesclt.
527 3590 570 3655 ll,
600 3589 636 3642 92
656 3609 668 3624 ·
687 3611 699 3623 ·
726 3591 775 3641 'der
804 3590 870 3641 Reiz
899 3591 988 3644 dleser
1016 3595 1154 3657 Geseenge
1304 3587 1306 3594 ’

207 3683 316 3738 schem
334 3686 405 3737 auch
425 3686 508 3738 alleio
528 3686 576 3736 dle
594 3685 747 3748 Erltaltung
766 3688 814 3738 des
831 3685 962 3740 stoechas
982 3691 1100 3742 newirltt
1119 3704 1154 3742 tu
1202 3663 1205 3672 ’

207 3782 306 3832 haben.

241 3869 285 3940 (2)
304 3879 422 3931 Grundr.
441 3880 566 3942 lutto
593 3903 630 3916 -
658 3855 722 3932 naid
751 3875 849 3932 nlmmt
880 3894 910 3932 er
937 3879 1153 3936 unmittellrtren

205 3974 317 4027 Anthell
335 3989 371 4027 nn
392 3977 441 4028 der
458 3976 604 4040 llandlung
622 3977 653 4028 iu
674 3974 792 4030 welcher
811 3990 842 4030 er
861 3978 900 4028 als
919 3975 1044 4030 elttliclre
1063 3977 1156 4033 Pertei

206 4074 285 4127 stent.
