3016 5000
653 421 657 428 ·
729 343 887 398 -ss-

335 540 444 625 adjicit
467 537 628 616 Minerva
666 540 782 605 deinde
807 539 960 625 inquietis
983 551 1015 606 ct
1037 543 1193 626 suspensis
1216 564 1285 608 am·
1335 529 1339 548 ⁸

335 662 454 727 barum
479 662 623 745 partium
646 661 784 737 animis,
807 661 1037 748 suffragiorum
1059 664 1286 730 numeratione

335 783 431 860 inita,
454 783 691 868 pronunciatur
712 783 893 860 sententia,
917 805 982 868 qua
1004 784 1181 852 absolvitur
1203 784 1286 852 Ore-

335 915 419 984 stes;
450 905 617 970 absolutus
639 903 698 969 diis
735 891 918 970 fautoribus
942 906 1058 991 gratias
1081 907 1167 994 agit,
1199 930 1286 974 sem·

335 1019 498 1109 piternam
534 1024 711 1090 amicitiam
742 1023 872 1090 Atticae
904 1027 1016 1092 incolis
1036 1029 1144 1111 jurat,
1166 1033 1285 1115 eosque

335 1148 474 1211 salutans
499 1148 637 1211 domum
661 1146 877 1229 proficiscitur
903 1147 962 1237 (vs.
981 1147 1161 1238 603·705)..

380 1266 444 1333 Sed
468 1267 585 1332 Furiae
610 1267 792 1351 potentiam
826 1267 886 1332 sibi
911 1268 1055 1334 ablatam
1078 1291 1283 1356 conqueren-

338 1401 406 1466 tes,
441 1387 486 1454 ab.
507 1385 757 1454 Atheniensium
788 1401 876 1454 terra
913 1388 1050 1474 injuriae
1074 1411 1194 1475 poenas
1218 1391 1283 1456 exi·

337 1532 413 1598 gere
437 1511 655 1576 constituunt:
678 1507 809 1575 assiduis
832 1523 946 1575 tamen
964 1509 1130 1578 Minervae
1147 1513 1284 1578 monitis

336 1633 470 1698 tandem
503 1631 605 1696 uictae
628 1631 796 1716 ‘accipiunt
817 1632 886 1714 ejus
911 1632 1088 1714 promissa:
1123 1636 1212 1711 fore,
1245 1647 1283 1700 ut

336 1752 384 1818 ira
405 1774 462 1819 sua
485 1753 520 1816 in
542 1751 794 1818 benivolentiam
820 1773 973 1818 conversa
996 1774 1097 1819 suase
1112 1752 1284 1821 Eusnsos‘-

340 1873 423 1940 dum
453 1894 575 1939 nomen
608 1885 641 1939 et
675 1876 840 1956 templum
870 1886 904 1937 et
938 1896 1027 1942 sacra
1061 1877 1218 1942 solemnia
1239 1878 1282 1943 ab

339 1995 453 2062 Atticis
475 1995 643 2079 accipiant.
687 1994 824 2079 Itaque,
847 1995 930 2061 uotis
951 2017 1014 2080 pro
1039 1996 1159 2062 civium
1181 2000 1283 2063 salute

337 2118 448 2194 factis,
482 2117 622 2182 abeunte
648 2113 819 2192 Minerva,
853 2116 888 2180 in
919 2119 1006 2182 sedas
1028 2117 1088 2182 sibi
1111 2119 1282 2186 destinatas

338 2243 544 2306 deducuntur
564 2261 584 2304 a
606 2260 713 2304 sousa
727 2259 912 2314 nutranuu,
936 2259 1038 2322 quae,
1062 2241 1147 2304 taces
1168 2262 1283 2306 accen·

338 2383 386 2426 sas
407 2374 571 2447 gerentes,
606 2357 695 2423 laetis
713 2359 818 2424 modis
839 2359 1152 2426 sortemcelebraut
1179 2381 1282 2446 quam

338 2482 382 2546 dii
406 2481 482 2547 urbi
506 2493 669 2565 parassent
696 2480 756 2569 (vs.
777 2477 959 2572 706-944).

723 2728 897 2740 ——un———a

380 2873 483 2939 Poeta
513 2895 619 2959 quum
659 2875 775 2938 docere
805 2873 902 2938 vellet
928 2872 1080 2937 bornines
1115 2870 1283 2938 interdum

337 2997 454 3062 talibus
474 3018 506 3062 se
525 2995 692 3080 implicare
705 2993 807 3071 malis,
823 3013 841 3057 e
862 2991 981 3078 quibus
997 2993 1137 3058 deorum
1149 3001 1282 3056 tanturn

337 3118 524 3184 interventu
543 3117 687 3200 expediri
709 3115 850 3200 possint,
873 3111 1024 3179 Orestem
1047 3113 1139 3178 nobis
1161 3132 1283 3198 propo-

337 3241 420 3321 suit,
445 3240 503 3324 qni
527 3241 645 3322 „facto
668 3237 740 3321 pius
761 3247 793 3300 et
812 3237 981 3302 sceleratus
997 3235 1135 3300 eodcm'’
1157 3233 1281 3319 suppli-¹

337 3363 388 3425 cio
410 3359 563 3425 divinitus
589 3359 819 3424 absolveretur.

381 3480 496 3564 Itaque
519 3482 580 3544 hac
604 3479 715 3544 fabula
747 3477 892 3544 Orestiae
923 3490 1083 3563 tanquam
1112 3477 1280 3564 fastigium

337 3603 564 3686 impositurus,
596 3602 770 3688 Aeschylus
795 3602 835 3666 ab
858 3622 924 3664 una
946 3613 1038 3684 parte
1063 3597 1183 3664 Orestis
1211 3617 1280 3662 sor-

337 3736 406 3788 tem
431 3723 596 3787 atrocitate
619 3723 731 3788 omnia
755 3736 977 3806 superantem,
1013 3721 1054 3786 ab
1077 3723 1178 3785 altera
1200 3739 1279 3786 vero

335 3846 525 3929 sapientiam
544 3845 688 3910 divinam
703 3841 938 3910 calamitatibus
951 3844 1148 3918 medentem,
1171 3843 1278 3925 splen-

337 3966 500 4032 didissimo
527 3967 676 4050 exemplo
699 3965 857 4031 exhibuit.

379 4087 494 4152 Furiae
520 4090 627 4162 cultu,
653 4087 773 4165 verbis,
796 4086 907 4153 studiis
930 4084 1073 4172 Apollini
1098 4099 1131 4150 ct
1152 4083 1277 4152 Miner-
