3016 5000
759 366 797 377 ..
821 293 916 392 8-4..

367 511 456 598 siloat
492 536 542 604 vel
584 535 757 619 loquatur3
788 535 896 627 ⁸ipsius
930 537 1113 615 certaminis
1138 539 1309 624 ⁴faustique

368 657 415 720 rei
437 677 598 720 successus
622 649 735 719 culam
755 651 898 740 Apollini
921 657 1108 725 committit.
1235 633 1237 640 .

412 775 526 842 Oreste
561 787 593 840 et
615 775 732 862 Pylade
764 779 807 841 'ad
841 799 913 842 rem
945 782 1124 861 parandam'
1156 773 1311 866 profectis

368 912 400 964 et
411 892 539 964 Electra
561 898 662 984 regias
685 898 777 961 aedes
800 875 957 985 ingressa,
983 898 1109 965 Chorus
1131 899 1308 966 hominum

365 1020 532 1084 audaciam
556 1021 680 1085 cantico
706 1020 862 1096 celebrat,
886 1023 1075 1102 praesertim
1099 1023 1216 1086 amoris
1239 1023 1309 1087 vim

347 1123 476 1205 omnia
498 1141 675 1226 superantis
698 1155 730 1206 et
753 1142 793 1206 ad
816 1163 1029 1228 quaecunque
1052 1144 1195 1208 facinora
1218 1145 1309 1208 viam

365 1265 549 1334 sternentis.
592 1264 718 1329 Firmat
741 1266 804 1328 hoc
827 1266 976 1348 exemplo
1000 1263 1154 1344 Althaeae
1186 1263 1309 1328 Thestii

365 1386 469 1462 filiae,
493 1407 575 1470 quae
609 1385 652 1450 oh
686 1388 828 1450 fratrum
864 1407 979 1449 necem
1000 1387 1070 1450 filio
1104 1408 1162 1452 suo
1188 1387 1310 1452 Melea·

365 1527 425 1592 gro
449 1529 555 1571 caussa
579 1506 693 1570 mortis
716 1507 899 1584 exstitisset,
924 1507 1039 1572 deinde
1059 1506 1185 1595 Scyllae
1206 1511 1308 1573 etiam

364 1627 487 1692 facinus
509 1632 687 1702 memorat,
722 1648 804 1711 quae
828 1625 942 1690 Minois
965 1649 1076 1692 amore
1099 1642 1192 1712 capta
1222 1632 1309 1714 ejus·

364 1770 428 1834 que
450 1747 541 1812 donis
563 1759 726 1831 corrupta,
750 1748 834 1830 patri
857 1768 915 1811 suo
937 1746 1010 1812 Niso
1035 1749 1188 1832 capillum
1209 1750 1309 1813 illum
1337 1809 1340 1816 .

364 1869 562 1945 abstulisset,
576 1889 674 1953 aquo
687 1868 783 1950 ipsius
798 1869 863 1932 vita
881 1883 950 1933 erat
967 1891 1126 1952 suspensa.
1172 1871 1254 1935 Inde
1274 1893 1320 1936 ser

364 1992 403 2055 ad
425 1993 594 2056 sceleratos
619 1989 895 2076 Clytaemnestrae
929 2011 1053 2056 amores
1088 2006 1120 2057 et
1143 1994 1310 2064 scelusin
1390 1999 1393 2006 '

362 2114 521 2177 maritum
540 2113 707 2189 convertit,
732 2114 819 2198 quod
841 2134 917 2176 euru
930 2113 1142 2177 Lemrriarum
1160 2113 1309 2179 facinore

365 2248 542 2317 comparat.
588 2233 717 2321 Ultimo
736 2233 875 2331 denique
905 2236 978 2296 loco
1013 2233 1194 2319 significat,
1216 2234 1310 2298 diem
1338 2321 1341 2330 .

362 2358 501 2434 tandem¹
519 2339 680 2430 illuxisse,
713 2374 779 2438 quo
801 2354 909 2419 divina
933 2353 1061 2418 Justitia
1083 2354 1310 2441 Agamemno·

364 2477 413 2540 nis
435 2477 494 2539 filii
517 2497 618 2538 manu
641 2475 801 2540 ultionem
824 2489 917 2560 paret
939 2479 996 2563 (vs.
1011 2478 1185 2566 578-641).

407 2597 504 2662 Redit
526 2597 560 2659 in
582 2586 711 2661 scenam
735 2597 864 2661 viatoris
893 2598 1007 2662 habitu
1037 2612 1147 2663 sumto
1176 2598 1312 2667 Orestes

364 2741 440 2783 eum
464 2717 601 2804 Pylade,
635 2731 667 2782 et
698 2717 844 2796 insidias,
876 2721 915 2783 de
947 2721 1064 2803 quihus
1087 2731 1330 2801 convenerat,

316 2877 318 2882 ·
360 2827 558 2927 exsequitur.
600 2837 738 2904 Accedit
761 2841 801 2904 ad
826 2841 910 2904 fores
933 2843 1055 2928 regias,
1086 2843 1187 2928 iisque
1210 2867 1310 2929 aper-

362 2963 425 3040 tis,
470 2963 657 3028 simulatam
701 2957 821 3026 Orestis
853 2949 993 3027 mortem
1027 2961 1310 3050 Clytaemnestrae

364 3087 502 3152 nuntiat.
549 3069 624 3170 Quo
655 3085 741 3149 facto
770 3104 835 3147 una
867 3104 944 3147 cum
981 3083 1048 3166 ipsa
1077 3085 1169 3150 aedes
1199 3088 1310 3173 regias

364 3209 563 3295 ing-reditun
589 3205 716 3270 Chorus
742 3205 894 3281 interim,
917 3207 985 3289 jam
1010 3207 1143 3289 propius
1166 3208 1312 3274 instante

362 3332 557 3404 certamine,
599 3326 854 3414 Agamemnonis
890 3299 1000 3389 Manes
1034 3325 1312 3415 Mercuriumque

363 3453 403 3514 ad
426 3472 522 3532 opem
557 3450 725 3516 ferendam
761 3449 889 3512 invocat
921 3445 979 3537 (vs.
1004 3449 1177 3538 tos-718).
1223 3451 1311 3518 Mox

358 3565 438 3639 ¹vero
457 3570 645 3649 thtssam,
669 3569 789 3638 Orestis
811 3569 986 3647 nutricem,
1008 3589 1047 3636 ex
1071 3573 1203 3638 aedibus
1227 3593 1311 3657 pro·

362 3700 530 3761 cedentem
553 3694 688 3777 videns,
703 3704 831 3757 mutato
853 3714 1020 3771 sermone,
1043 3717 1115 3760 eam
1134 3711 1206 3781 'quo
1230 3709 1309 3761 ten-

355 3821 434 3894 dat,
476 3839 534 3881 cur
567 3815 649 3879 tristi
684 3818 763 3880 adeo
791 3817 884 3880 vultu
920 3818 1073 3899 prodeat,
1108 3814 1306 3904 interrogat.

360 3941 546 4023 Respondet
576 3939 686 4002 nutrix
717 3960 749 4002 se
784 3960 802 4002 a
837 3937 970 4002 domina
1003 3938 1133 4002 missam
1165 3959 1228 4003 esse
1258 3907 1318 4002 ad'

360 4061 550 4148 Aegisthum
574 4061 797 4126 arcessendum
813 4075 889 4139 „ut
915 4061 1068 4128 nuntium
1104 4065 1144 4127 de
1177 4060 1309 4127 Orestis
