3016 5000
747 271 904 354 *Μή
997 343 1001 354 .

262 527 284 548 ,χ
352 495 458 558 neque
481 473 660 536 admodum
683 471 808 554 prolixa
842 485 874 536 et
898 483 1102 558 argumento
1126 489 1204 556 cum
1229 471 1295 552 epi·

353 595 447 659 sodiis
478 592 656 692 arctissime
677 591 875 675 'conjuncta
921 591 1058 678 Elegans
1098 587 1145 654 es't
1179 591 1295 673 paredi
1347 675 1349 684 ‚

351 715 445 791 ratio,
469 736 570 799 quam
592 735 690 796 supra
713 735 767 777 me
791 725 923 799 tangere
947 713 1105 778 memini·
1138 685 1294 777 Primum

350 837 504 900 stasimon
528 851 599 918 post
622 836 801 922 digressum
825 833 975 899 Orestem
998 821 1109 916 incidit
1139 829 1185 901 rs.
1208 836 1295 926 578,

351 969 384 1020 et
406 956 532 1020 sceleris
563 957 769 1050 atrocitatem
798 978 816 1020 a
840 943 1098 1042 Clytaemnestra
1132 927 1297 1020 commissi

353 1099 420 1140 una
443 1099 519 1140 cum
543 1077 653 1169 poenis
676 1079 805 1142 divinae
833 1075 978 1144 Justitiae
1001 1077 1158 1142 solvendis
1181 1077 1298 1140 descri-

257 1215 259 1220 '
353 1199 413 1264 bit.
468 1198 628 1284 Τριγέρων
662 1201 749 1264 enim
783 1201 883 1283 μῦθος
916 1241 938 1278 „
950 1199 1100 1285 δράσαντι
1132 1201 1295 1274 παθεῖν,”

352 1319 409 1405 qui
427 1319 521 1384 toties
538 1319 572 1383 in
590 1319 845 1406 Agamemnonis
867 1321 995 1385 canticis
1018 1333 1165 1398 resonat,
1191 1317 1297 1384 Chod-

352 1443 533 1525 phorarum
561 1441 661 1505 etiam
692 1454 791 1506 cantu
826 1439 1017 1505 identidem·
1035 1441 1229 1506 celebratur.
1252 1475 1298 1488 -

288 1577 291 1588 ’
352 1563 440 1626 Tum
466 1584 510 1650 vs.
536 1565 619 1648 772,
653 1560 778 1626 Chorus
803 1560 952 1646 Gilissam
977 1563 1060 1628 votis
1084 1561 1293 1646 prosequitur

352 1683 563 1770 Aegisthique
586 1685 763 1748 adventum
789 1696 960 1766 exspectat.
1007 1683 1177 1780 Tandem,
1199 1705 1295 1748 scena

351 1805 486 1870 tertium
509 1805 666 1880 deserta,¹
683 1804 832 1869 infandos
854 1805 968 1870 matris
991 1827 1010 1868 a
1032 1805 1102 1870 filio
1123 1813 1293 1894 percussae

267 2017 270 2023 Ι
353 1929 509 1991 clamores
533 1927 779 2012 quodammodo
803 1925 883 2013 tegit
906 1937 1004 2011 atque
1036 1927 1160 1998 emollit
1185 1927 1296 2015 faustis

352 2047 502 2134 praeibas
535 2068 596 2130 pro
622 2045 742 2112 Orestis
775 2061 873 2133 atque
904 2047 1033 2114 aedium
1056 2019 1221 2136 regiarum
1246 2049 1295 2111 in·

353 2168 554 2246 columitate.

627 2411 681 2502 1ς.
706 2414 738 2476 7.
763 2410 978 2490 duramnus.

397 2649 437 2716 ln
460 2652 597 2737 prologo
624 2648 681 2739 (vs.
707 2653 791 2717 1-63
814 2654 865 2719 ed.
889 2652 1058 2743 Minckw.)
1090 2655 1217 2720 Prrnm
1241 2623 1297 2722 re:

353 2787 467 2838 nerata
483 2775 577 2848 deos,
602 2793 746 2857 quorum
766 2761 956 2838 numina'in
977 2777 1185 2858 oraculorum
1203 2797 1296 2860 prae-

355 2896 476 2962 fatione
498 2895 649 2960 invocare
673 2895 814 2974 solebat,
839 2895 987 2978 inprimis
1007 2893 1193 2980 Apollinem
1216 2899 1297 2978 cele-

354 3019 448 3096 brat,
477 3015 554 3102 qui,
586 3019 625 3100 de
648 3017 770 3084 inculta
804 3017 943 3082 Phocide
971 3017 1054 3082 bene
1075 3003 1297 3100 promeritus,

272 3201 277 3210 ,
355 3152 388 3202 et
421 3138 603 3202 incolarum
638 3152 792 3222 patronus
818 3139 974 3204 exstiterit
1004 3152 1036 3210 et
1069 3140 1200 3205 fatidica
1229 3154 1298 3205 arte

356 3257 444 3323 ,lovis
486 3271 634 3322 mentem
679 3259 917 3324 consulentibus
954 3261 1086 3344 pandat.
1144 3261 1299 3326 Precibus

355 3381 417 3446 rite
451 3365 608 3468 peractis,
654 3402 705 3446 eos
738 3381 795 3467 qui
834 3359 985 3466 responsa
1020 3396 1129 3466 petere
1166 3383 1300 3467 cupiant

356 3501 471 3586 sortito
504 3481 658 3567 accedere
674 3477 800 3590 ¹iubet,
831 3503 913 3568 dum
948 3503 1015 3588 ipsa
1050 3507 1210 3589 templum
1245 3505 1301 3567 in-

357 3623 518 3710 greditur.
547 3595 550 3602 ¹

401 3743 479 3809 Mox
504 3743 637 3810 veroin
658 3765 789 3810 scenam
819 3745 903 3810 redit
924 3745 1091 3844 improvisi
1125 3745 1300 3831 spectaculi

358 3871 483 3932 terrore
506 3865 664 3942 attonita,
688 3887 794 3950 quum
818 3865 903 3932 intus
928 3869 1107 3954 adspexerit
1131 3871 1300 3936 hominem

318 4079 320 4084 Ι
359 3989 480 4057 recenti
499 3991 594 4062 caede
613 3990 815 4056 maculatum
827 4009 836 4070 ς
860 3991 1047 4088 suppliciter
1073 3992 1105 4057 in
1130 3995 1302 4072 redemer-
