3016 5000
587 289 745 344 ..49-

197 501 288 563 erat,
312 508 452 572 quarum
477 502 632 554 eventum
655 489 800 571 ipsorum
826 491 989 555 dementia
1016 503 1048 554 et
1074 514 1139 575 pu-

197 610 317 695 gnandi
340 608 453 673 lubido
473 614 542 693 jam
568 610 682 672 misere
703 621 856 673 maturet..
891 612 998 694 Atque
1022 633 1137 676 veren-
1222 613 1225 621 '

196 745 251 794 tur
269 729 413 816 quidem,
431 751 474 793 ue
495 729 626 813 utrique
651 731 787 794 crudelis
810 731 932 816 gladius
955 754 1046 798 suam
1070 755 1138 798 sor·

197 865 263 916 tem
286 854 326 916 sit
349 852 552 916 tributurus:

373 978 476 1059 χθόνα
499 973 600 1038 ναίειν
625 972 801 1056 διαπήλας,

371 1097 489 1158 ὁπόσαν
511 1098 553 1159 ἂν
577 1097 630 1157 καὶ
653 1095 818 1176 φθιμένοις
842 1094 1007 1181 κατέχειν,

375 1218 438 1280 τῶν
449 1213 590 1296 μεγάλων
604 1215 719 1282 πεδίων
731 1218 876 1302 ἀμοίρους
892 1218 950 1304 (νε.
959 1217 1023 1280 713
1036 1216 1134 1305 sqq.).

196 1337 229 1402 Si
253 1357 329 1401 vero
353 1338 432 1400 alter
456 1339 594 1402 alterum
618 1337 811 1420 percusserit
834 1340 1043 1422 fraternoque
1065 1359 1136 1402 san-

194 1460 293 1544 guine
316 1472 436 1522 terram
457 1459 684 1542 consperserit,
708 1481 791 1542 quae
814 1459 947 1523 tandem
970 1458 1133 1531 lustratia,

196 1583 282 1665 quod
304 1581 496 1644 sacrificium
520 1592 589 1644 tam
613 1580 785 1643 infandum
808 1581 908 1643 scelus
932 1579 1064 1662 expiet?

631 1693 656 1764 ὦ
684 1696 893 1788 (exclamant)

413 1825 504 1886 πόνοι
528 1819 629 1902 δόμων
653 1819 718 1886 νέοι
741 1819 857 1884 παλαι-

417 1948 476 2005 οῒσι
500 1949 658 2024 συμμιγεῖς
682 1939 810 2014 eunoici

192 2057 403 2124 Manifestum
428 2062 515 2124 enim
535 2063 605 2145 jam
629 2075 693 2136 est,
728 2061 907 2125 infortunia
929 2062 1035 2147 regiae
1057 2064 1135 2126 stir-

190 2181 239 2262 pis
262 2179 295 2243 in
320 2182 453 2244 tertium
478 2203 595 2245 aevum
631 2183 813 2268 prorogari.
859 2182 908 2245 Ex
932 2203 998 2265 quo
1019 2197 1135 2266 sponte

189 2302 373 2386 antiquiora
406 2301 665 2368 Labdacidarum
701 2304 786 2366 mala
818 2303 1026 2378 recordatae,
1060 2325 1132 2368 ora·

189 2425 359 2495 culorum.
397 2446 479 2508 quae
505 2423 601 2508 Lajus
624 2424 702 2487 olim
726 2421 860 2506 Delphis
883 2426 1024 2500 tulerat,
1049 2426 1132 2509 ejus-

189 2566 252 2629 que
284 2545 525 2628 imprudentiae
559 2560 592 2610 et
626 2545 710 2609 necis
739 2545 936 2610 memoriam
960 2546 1129 2628 replicant.

188 2665 311 2730 uernae
355 2665 472 2751 Oedipi
517 2667 653 2731 umam
694 2651 880 2731 serietatem
922 2668 1130 2743 rescribam

188 2809 310 2870 quam,
345 2811 449 2872 quum
485 2789 529 2851 dii
553 2785 766 2872 hominesque
789 2789 1047 2861 admirarentur,
1079 2811 1133 2852 su·

132 2939 137 2952 ,
188 2909 259 2970 bito
282 2908 315 2969 in
348 2909 486 2972 nimiam
521 2909 684 2972 miseriam
708 2921 740 2971 et
762 2909 810 2972 sui
844 2908 1055 2989 filiorumque
1078 2929 1132 2970 ex·

189 3028 400 3092 sacrationem
436 3043 596 3094 mutatam
633 3051 696 3093 esse
719 3041 840 3092 canunt
866 3028 922 3115 (vs.
949 3024 1130 3112 702-773).

187 3147 297 3213 Finito
321 3147 418 3214 Chori
441 3163 548 3226 cantu,
573 3154 717 3216 faustum
740 3171 868 3236 pugnae
892 3149 1018 3213 exitum
1041 3149 1129 3214 Nur·

187 3294 256 3336 tuus
279 3293 355 3336 cum
379 3271 559 3357 virginibus
581 3272 814 3347 communicat,
837 3273 933 3336 simul
954 3291 1031 3335 vero
1048 3271 1131 3358 regis

186 3394 323 3459 Eteoclis
347 3407 490 3458 mortem
514 3396 624 3469 affert,
648 3395 704 3478 qui
727 3394 882 3480 singulari
904 3394 1028 3478 proelio
1052 3416 1130 3460 cum

186 3516 286 3579 fratre
310 3536 516 3602 congressus,
552 3517 665 3578 eodem
697 3514 846 3598 impetu,
881 3536 948 3599 quo
970 3516 1059 3580 hunc
1081 3517 1131 3578 in·

187 3637 374 3714 lersecerit,
398 3638 464 3719 ipse
487 3636 675 3700 interfectus
698 3637 750 3700 sit.

230 3755 297 3822 Hac
320 3760 359 3821 de
381 3780 417 3822 re
452 3780 532 3824 cum
567 3757 746 3842 virginibus
777 3756 951 3840 paullisper
974 3754 1130 3838 colloqui·

185 3890 264 3955 tur,
297 3899 402 3962 quae,
437 3881 579 3944 fratrum
612 3877 819 3943 cadaveribus
849 3880 917 3963 jam
946 3879 979 3940 in
1001 3897 1131 3941 scenam

186 3999 306 4078 allatis,
331 4000 363 4065 id
387 4000 495 4084 ipsum
519 4000 672 4076 evasisse,
708 4001 795 4084 quod
828 4001 926 4065 modo
957 3985 1135 4085 auguratae

1014 4127 1032 4178 4
