3016 5000
772 329 931 384 *943-

369 523 439 570 non
462 529 527 574 emo
549 509 701 576 idoneam
725 519 892 598 parricidii
913 531 1071 582 cansam,
1094 527 1185 591 neque
1202 510 1272 576 illum
1301 537 1304 544 ·

370 629 582 716 jurejurando
615 654 686 697 rem
720 636 894 700 decernere
931 611 1026 692 velle:
1053 625 1160 712 itaque
1178 651 1204 693 se
1226 634 1278 696 cri.

372 753 469 818 minis
502 755 663 838 judicium
682 751 863 816 Minervae
903 746 1109 812 committere
1144 751 1193 835 (us.
1215 755 1280 817 tot-

373 872 467 958 399).

416 995 505 1060 Tum
536 992 662 1058 Orestes
688 990 786 1053 ctiam
819 989 910 1072 loqui
942 990 1045 1074 jussus
1070 995 1198 1075 suscepti
1221 997 1285 1058 saci·

370 1117 457 1179 noris
468 1114 627 1178 rationem
639 1113 715 1175 deae
728 1111 872 1194 ¹explicat
879 1107 1109 1197 judiciumque
1122 1112 1151 1176 ei
1163 1118 1287 1181 mandat.

370 1232 426 1314 Sic
438 1234 481 1298 ab
496 1231 640 1316 utrisque
654 1232 800 1314 partibus
817 1233 966 1298 invocata
978 1231 1125 1306 Minerva
1147 1255 1211 1300 rem
1229 1259 1290 1302 mo·

370 1355 484 1418 lestam
505 1367 538 1418 et
563 1352 697 1416 dubiam
718 1354 832 1438 juratis
851 1354 1011 1437 judicibus
1034 1357 1160 1420 tradere
1180 1359 1291 1436 statuit,

371 1473 489 1561 quibus
519 1475 552 1538 in
578 1487 746 1558 posterum
776 1496 890 1539 rerum
920 1476 1110 1560 capitalium
1137 1477 1294 1543 discrimen

368 1598 522 1673 mandet,
556 1611 733 1682 monetque
765 1597 926 1684 litigantes
949 1609 1007 1674 ut,
1036 1599 1223 1682 priusquam
1244 1603 1297 1685 ju·

369 1718 454 1782 dices
479 1719 691 1798 conveniant,
724 1719 861 1805 quisque
893 1719 953 1784 sibi
980 1732 1077 1784 testes
1100 1734 1132 1785 et
1154 1723 1299 1804 praesidia

369 1851 529 1924 quaerant
553 1839 613 1928 (vs.
638 1839 817 1925 too-453).
840 1873 886 1890 -
914 1838 1009 1907 Unde
1032 1862 1155 1906 novum
1178 1864 1301 1907 carmen

369 1960 538 2026 choricum
562 1964 625 2048 (vs.
650 1958 810 2046 454493)
834 1973 867 2024 et
889 1958 1046 2044 Apollinis
1069 1961 1101 2025 in
1122 1963 1196 2046 jure
1216 1984 1302 2046 prae-

367 2084 468 2148 sentia
491 2071 704 2166 explicantur.

410 2207 626 2292 Augurantur
648 2203 736 2266 enim
760 2202 888 2281 Furiae,
912 2202 937 2267 si
960 2203 1098 2278 Orestes¹
1114 2203 1305 2280 absolvatur,

368 2330 438 2392 fore
471 2337 541 2402 ut,
564 2324 704 2409 antiquis
735 2324 859 2410 legibus
894 2325 1009 2390 eversis
1030 2325 1185 2410 novisque
1207 2327 1306 2392 intro-

369 2445 494 2523 ductis,
529 2447 616 2511 mala
649 2465 689 2509 ex
724 2442 817 2510 malis
850 2445 1009 2512 oriantur.
1054 2445 1139 2511 Nam
1161 2446 1308 2531 ipsarum

367 2543 512 2659 potentia
541 2581 573 2632 et
595 2565 786 2631 auctoritate
808 2566 956 2643 sublata,
979 2567 1145 2632 neminem
1169 2569 1309 2652 amplius

367 2693 547 2766 futurum,
562 2689 619 2775 qui
642 2687 786 2752 facinora
808 2690 949 2753 mulctet
971 2702 1004 2753 et
1026 2690 1173 2754 homines
1197 2713 1216 2754 a
1238 2712 1310 2754 ma·

366 2811 403 2876 lis
426 2811 611 2876 absterreat.
651 2807 778 2874 Motum
802 2824 912 2874 autem
935 2810 1122 2903 hominibus
1143 2811 1311 2874 salubrem

366 2955 450 3009 esse,
484 2952 551 3017 quo
569 2932 597 2997 si
621 2944 772 3011 careant,
807 2933 958 2996 mortales
977 2933 1099 3015 justam
1123 2935 1239 3020 degere
1261 2933 1311 2997 vi-

287 3075 290 3080 ·
366 3067 437 3119 tam
470 3075 538 3118 non
568 3073 668 3136 posse.
702 3049 944 3117 Commendant
973 3053 1074 3139 igitur
1106 3053 1222 3118 Furiae
1257 3055 1314 3118 vi.

365 3189 436 3241 tam
451 3251 454 3259 Δ
469 3151 594 3261 lepidus
626 3186 864 3257 temperatam;
896 3159 1060 3239 licentiam
1095 3195 1172 3240 vero
1190 3197 1311 3270 ¹aeque

365 3320 405 3364 ec
427 3296 633 3384 tyrannidem
656 3297 866 3360 aversandam
889 3317 952 3361 esse
968 3297 1202 3364 demonstrant.
1248 3296 1311 3360 Jus

366 3431 400 3484 et
429 3417 589 3503 justitiam
623 3416 648 3481 si
682 3419 790 3482 colant
819 3418 984 3496 homines,
1014 3418 1041 3482 si
1070 3431 1218 3502 parentes
1240 3420 1314 3482 ho-

365 3551 504 3616 norent,
544 3538 683 3622 hospites
716 3537 768 3622 pie
802 3538 984 3622 excipiant,
1027 3538 1133 3605 felices
1176 3542 1311 3605 futuros

365 3683 472 3748 neque
505 3681 653 3746 unquam
678 3680 807 3744 prorsus
830 3659 972 3726 infelices
995 3681 1059 3726 esse
1082 3681 1191 3745 posse3
1216 3661 1314 3745 inju-

365 3783 458 3850 stum'
488 3804 586 3872 vern,
631 3783 758 3848 tametsi
793 3781 849 3846 diu
894 3785 1012 3848 scelera
1054 3781 1200 3846 exerceat
1239 3784 1313 3846 for·

365 3916 497 3969 tunatus
528 3917 562 3968 et
591 3903 754 3988 impunis,
797 3903 931 3969 tandem
966 3903 1139 3988 aliquando
1169 3901 1310 3978 miseriis

366 4024 490 4092 victum
524 4026 564 4092 iri
594 4038 627 4092 et
662 4026 798 4094 deorum
835 4025 959 4092 ultione
988 4045 1026 4092 eo
1056 4025 1232 4120 adantum,
1269 4035 1311 4086 ut
