3016 5000
738 296 895 350 ...88-

350 494 430 557 illud
466 492 564 558 Chori
601 493 740 556 officium
774 483 954 558 secundum
991 487 1170 556 Aristotelis
1194 512 1292 575 prae·
1344 461 1351 472 ⁵

310 637 313 644 ’
349 625 502 694 ceptum:
545 615 600 678 τὸν
644 615 734 699 χορὸν
777 613 811 677 δὲ
846 612 904 679 ’ἕνα
940 611 990 676 δεῖ
1020 611 1191 699 ὑπολαβεῖν
1225 615 1290 676 τῶν

349 735 545 818 ὑποκριτῶν,
571 737 623 798 καὶ
646 739 754 818 μόριον
774 726 855 800 εἶναι
878 737 933 796 τοῦ
956 731 1047 807 ὅλου,
1073 736 1126 796 καὶ
1151 755 1292 811 συναγω-

350 855 519 930 νίζεσθαιε
553 857 616 919 hoc
650 855 737 946 enim
773 855 806 918 in
840 875 954 918 omnes
988 854 1135 940 Aeschyli
1167 853 1291 919 Choros

349 977 499 1058 quadrat.
545 973 608 1040 Sed
641 975 705 1039 sive
739 977 907 1040 actionem
942 975 1008 1058 ejus
1042 976 1209 1051 attendas,
1244 987 1291 1038 est

346 1099 404 1160 illa
434 1097 543 1160 minor
574 1079 676 1181 quarn
708 1098 742 1160 in
777 1097 937 1182 plerisque
970 1096 1087 1160 fabulis
1122 1108 1291 1180 potestque

344 1219 419 1302 jure
454 1216 579 1284 Chorus
613 1218 761 1304 κηδευτὴς
806 1223 967 1303 ἄπρακτος
1001 1218 1156 1301 appellari
1170 1193 1183 1280 :¹
1225 1217 1290 1281 sive

352 1339 484 1424 lyricas
507 1351 615 1422 partas
638 1353 777 1423 spartea,
813 1340 958 1403 carmina
981 1339 1145 1422 proposito
1169 1340 1291 1403 condu-

350 1473 448 1536 cunt,
486 1475 518 1525 et
547 1463 678 1546 reliquis
709 1462 917 1527 concinniora
950 1453 982 1524 et
1016 1461 1165 1524 breviora
1195 1473 1287 1524 sunt:

347 1582 410 1644 sive
445 1582 588 1667 denique
612 1585 727 1646 animi
750 1605 847 1646 senso
871 1581 1130 1657 animadvertas,
1163 1580 1290 1646 Chorus

347 1703 587 1787 protagonistae
608 1705 696 1767 favet
713 1713 745 1773 et
762 1703 945 1768 consiliatur
969 1701 1096 1778 amieis,
1123 1704 1172 1767 vel
1185 1736 1229 1754 -
1252 1715 1291 1764 ut

347 1820 533 1887 Aristoteles
555 1823 670 1888 scribit
693 1857 736 1870 -
772 1827 899 1891 εὔνοιαν
932 1827 1029 1906 μόνον
1053 1823 1220 1909 παρέχεται
1243 1817 1291 1897 οἷς
1352 1883 1358 1892 ,

351 1949 510 2029 πάρεστιν.

391 2065 488 2130 Ratio
511 2067 578 2150 ejus
611 2089 649 2130 ox
681 2080 875 2153 argumento
908 2067 1096 2150 explicanda
1119 2078 1176 2130 est.
1222 2067 1290 2129 Ar·

345 2203 542 2274 gumentum
567 2201 614 2253 est
637 2187 914 2274 Agamemnoniae
938 2187 1042 2252 caedis
1066 2187 1147 2250 ultio
1183 2187 1290 2250 inter·

347 2288 523 2372 sectoribus
546 2311 614 2390 ejus
635 2309 733 2373 illata.
769 2307 855 2373 Haec
877 2321 988 2374 autem
1011 2309 1091 2372 ultio
1114 2308 1198 2394 exigi
1221 2328 1288 2371 non

344 2441 473 2514 potest,
509 2429 568 2493 nisi
591 2430 657 2512 ipse
680 2443 830 2494 mortuus
854 2429 1039 2493 auxilietur.
1085 2426 1150 2512 Qui
1181 2449 1287 2512 quum

346 2549 595 2615 obtruncatione
629 2563 661 2612 et
696 2545 867 2614 inhonesto
902 2553 1050 2633 sepulcro
1079 2551 1112 2613 in
1144 2551 1289 2638 ignomi-

346 2670 437 2734 niam
460 2670 606 2734 redaetus
628 2667 729 2758 sit(l)
766 2683 799 2733 et
822 2671 902 2733 nihil
927 2674 1032 2737 valeat
1055 2671 1113 2736 nisi
1137 2681 1175 2736 ut
1198 2693 1290 2736 som-

346 2790 406 2855 niis
442 2788 734 2876 Clytaemnestram
771 2800 909 2868 terreat,
939 2793 1136 2856 solemnibus
1167 2793 1289 2859 inferiis

345 2911 518 2987 honorari,
543 2925 575 2976 et
597 2912 746 2976 amissam
770 2914 996 2978 auctoritatem
1019 2935 1210 2997 recuperare
1234 2919 1290 2980 de·

346 3035 411 3099 bet.
459 3034 511 3099 Ab
534 3037 635 3098 altera
666 3055 742 3099 vero
773 3044 867 3118 parte
891 3033 1165 3122 Clytaenrnestrae
1188 3038 1286 3102 etiarn

345 3155 521 3230 libamina,
561 3154 679 3230 somnii
713 3155 863 3238 expiandi
901 3156 1024 3242 gratia,
1059 3159 1286 3242 requiruntur.

345 3274 432 3361 Quid
455 3276 554 3362 igitur
587 3275 709 3358 polita?
755 3275 944 3361 Utrumque
966 3281 1144 3362 sepulcrale
1166 3302 1287 3347 munus
1365 3285 1369 3294 '

342 3400 421 3463 scite
443 3398 562 3462 eisdem
588 3398 731 3479 personis
753 3397 914 3481 injunxit,
946 3399 1044 3483 idque
1067 3421 1133 3485 quo
1156 3403 1286 3486 gravius

344 3534 421 3586 esset
440 3531 543 3604 atque
573 3520 767 3594 solemnius,
803 3540 870 3582 non
894 3518 1040 3585 Electrae
1062 3523 1122 3587 soli
1145 3526 1286 3589 manda-

344 3645 411 3719 vit,
445 3644 500 3706 sed
543 3635 814 3724 Choiphorarum
851 3641 1044 3707 comitatum
1077 3645 1105 3708 ei
1139 3647 1284 3723 addidit,

341 3787 425 3850 quae
447 3765 544 3829 simul
557 3760 659 3827 Chori
681 3784 817 3827 munere
841 3765 1056 3850 fungerentur
1071 3763 1131 3853 (2).
1158 3767 1282 3834 Harum
1385 3799 1387 3806 ’

342 3887 500 3901 *-

377 3959 420 4029 (1)
439 3966 556 4017 lllausen
577 3964 606 4014 in
627 3962 678 4016 Ed.
696 3965 818 4028 caseph.
839 3978 865 4028 p.
886 3965 965 4017 xvn.
1012 3991 1015 3998 ,

373 4054 418 4124 (2)
439 4063 512 4114 cont.
533 4060 704 4124 Uylenbroek
725 4060 753 4112 in
775 4061 882 4144 dissert.
902 4063 937 4114 de
955 4063 1044 4116 Choro
1066 4067 1133 4128 trag.
1153 4079 1180 4128 p.
1199 4066 1244 4117 lt.
