3016 5000
614 362 771 421 ..57-

227 585 266 627 eo
298 563 432 646 positam
466 581 555 641 esse,
591 561 680 644 quod
704 561 877 632 mortales,
914 579 1057 640 quorum
1085 560 1172 643 prius

229 685 409 748 tristissima
429 682 538 746 fuisset
563 680 726 755 conditio,
760 677 895 742 consiliis
927 679 1043 742 suiset
1073 701 1172 763 opera

228 804 396 888 adjuverit.
444 800 535 886 Quae
567 821 616 863 res
651 801 729 862 adeo
763 799 845 862 mira
877 798 987 863 Choro
1020 800 1172 881 videtur,

228 935 267 988 ut
299 940 331 989 et
362 921 547 986 Promethei
587 919 807 984 miserrimam
840 935 960 984 sortem
996 923 1172 996 horreant,

227 1066 369 1138 eumque
400 1063 499 1124 porro
529 1042 750 1129 interrogent,
783 1042 937 1106 seceritne
960 1043 1049 1105 aliud
1072 1044 1171 1127 quid.

228 1170 304 1230 darn
338 1179 369 1228 et
402 1166 487 1227 ultra
511 1166 659 1239 sortasse,
695 1185 794 1248 quarn
820 1164 946 1239 fassit,
971 1164 1172 1246 processerit.
1244 1251 1249 1258 ι

230 1289 292 1352 Sed
318 1287 465 1370 quamvis
489 1285 541 1347 ille
564 1287 665 1361 dona,
696 1306 779 1370 quae
810 1285 843 1346 in
876 1287 1027 1348 mortales
1058 1297 1173 1348 contu·

229 1409 325 1482 lerit,
359 1407 484 1491 singula
506 1407 654 1488 deinceps
683 1419 880 1481 enumeret,
903 1405 1103 1490 aequitatem
1127 1418 1175 1468 ta·

233 1549 307 1591 naen
331 1527 478 1610 supplicii
501 1547 567 1590 non
590 1527 769 1610 assequitur
794 1524 933 1606 Chorus,
958 1547 1066 1612 neque
1085 1547 1177 1590 caus·

232 1670 299 1712 sam
323 1647 425 1722 videt,
449 1668 508 1710 cur
531 1649 581 1711 uel
604 1645 719 1712 lovem
743 1649 864 1712 assidue
888 1648 979 1712 irasci
1004 1660 1174 1731 oporteat,
1217 1642 1219 1652 ’

231 1772 281 1834 vel
305 1767 498 1833 Prometheo
535 1771 574 1834 de
607 1772 770 1833 malorum
805 1791 940 1834 suorum
969 1771 1035 1833 fine
1058 1770 1098 1834 sit
1121 1772 1176 1833 de-

229 1894 436 1973 sperandum.
482 1889 555 1954 Non
578 1891 756 1955 dissimulat
779 1893 913 1975 quidem
936 1887 1175 1954 Prometheum

232 2033 372 2087 errasse,
395 2014 468 2088 sed,
496 2032 606 2075 errore
628 2014 728 2074 semel
751 2011 940 2086 commissu,
971 2010 1052 2074 illud
1078 2013 1177 2074 modo

231 2145 350 2196 restare
372 2134 434 2210 ait,
465 2145 502 2195 ut
534 2132 694 2196 subsecuti
727 2135 805 2197 rnali
836 2134 1022 2197 remedium
1048 2149 1080 2199 et
1103 2135 1175 2197 finis

232 2266 419 2338 quaeratur.
464 2250 591 2336 Quibus
615 2253 791 2316 rationibus
819 2276 879 2317 nec
910 2267 1070 2341 repugnat
1097 2254 1175 2319 Pro-

232 2375 377 2437 metheus
400 2395 460 2437 nec
476 2375 571 2456 plane
594 2375 791 2452 adsentitur,
815 2377 869 2438 sed
894 2376 988 2440 facile
1012 2398 1075 2441 esse
1098 2377 1175 2440 dicit

232 2495 278 2570 ei,
303 2495 359 2579 qui
383 2495 448 2576 ipse
474 2515 587 2577 expers
610 2496 687 2559 mali
714 2509 781 2569 est,
817 2497 850 2558 in
874 2497 966 2561 malis
993 2512 1174 2562 versantem

230 2617 325 2681 solari
344 2629 376 2680 et
399 2637 549 2680 monere:
573 2637 605 2680 se
622 2638 767 2700 peccasse
788 2617 938 2701 quidem,
957 2619 1055 2702 idque
1074 2620 1174 2683 scien-

231 2751 298 2801 tem
334 2751 365 2801 et
400 2741 585 2816 volentem,
622 2741 709 2802 haud
745 2740 925 2814 diffitetur,
960 2741 1013 2803 sed
1051 2741 1173 2822 peccati

232 2881 367 2942 poenas,
408 2873 544 2942 quantas
583 2880 671 2923 nunc
702 2860 843 2940 patiatur
875 2874 907 2923 et
939 2860 972 2920 in
1005 2871 1173 2940 posterum

231 3001 380 3064 passurus
404 2980 466 3052 sit,
491 3001 639 3062 unquam
665 3002 696 3042 se
720 2980 873 3043 meruisse
896 2992 953 3043 aut
975 2981 1173 3063 suspicatum

232 3123 296 3165 esse
320 3109 428 3186 negat.
476 3099 589 3184 Itaque
612 3097 788 3164 Oceanides
812 3114 901 3178 orat,
925 3113 962 3164 ut
985 3123 1002 3164 e
1026 3102 1174 3167 curribus

230 3225 424 3289 descendant
459 3234 490 3318 et
523 3243 624 3304 prope
652 3224 811 3286 adstantes
847 3221 946 3287 fusius
987 3223 1085 3288 etiam
1120 3225 1173 3288 in-

231 3347 365 3410 fortunii
400 3344 448 3408 sui
480 3345 641 3407 rationem
674 3357 706 3406 et
729 3346 815 3407 mala
838 3343 1059 3428 impendentia
1083 3348 1173 3411 audi·

231 3483 307 3532 ant:
330 3506 375 3518 —
410 3466 527 3551 quibus
559 3464 707 3548 precibus
737 3465 808 3528 illae
832 3464 924 3530 facile
947 3464 1172 3551 obsequuntur

234 3593 290 3679 (vs.
318 3586 497 3676 tut-283).

277 3712 449 3776 intercedit
472 3708 674 3796 colloquium
699 3731 775 3774 curn
799 3705 950 3787 Occiso,
975 3709 1031 3792 qui
1055 3710 1169 3772 codem

233 3855 299 3920 quo
323 3835 406 3897 filiae
430 3834 539 3898 animo
563 3845 594 3896 et
606 3832 736 3896 consilio
749 3831 919 3895 adveniens
932 3826 1170 3894 Prometheum

232 3957 271 4020 de
294 3957 483 4038 deponenda
507 3955 688 4019 temeritate
705 3955 884 4036 prudenter
908 3952 986 4016 item
1010 3953 1170 4026 hortatur,

232 4078 326 4163 eique
362 4098 493 4160 operum
528 4097 619 4141 suam
655 4076 846 4158 pollicetur,
872 4075 1001 4150 dicens,
1026 4076 1106 4140 velle
1140 4095 1172 4138 se
