3016 5000
631 419 639 428 ..
738 335 895 390 -62-

347 539 418 622 pius
453 539 593 604 variatur
628 537 851 622 deceduntque
873 557 1049 622 personae:
1084 537 1230 603 Eteocles
1254 539 1288 602 in

346 662 454 744 prima
495 661 624 726 fabulae
669 672 761 743 parte
796 681 862 723 non
895 679 1023 744 semper
1057 660 1163 735 adest,
1199 659 1291 725 abest

345 787 441 865 plane
459 783 493 846 in
510 784 625 847 altera:
650 781 833 864 primarum
857 781 1002 865 partium
1026 795 1116 846 actor
1140 771 1288 866 primunr

346 903 501 978 Eteoclis,
535 914 607 987 post
637 903 819 990 Antigonae
850 902 1024 986 personam
1055 904 1141 989 agit:
1177 904 1285 968 nuntii

344 1024 478 1090 veniunt
501 1037 532 1090 et
554 1025 737 1088 decedunt:
767 1025 876 1110 itaque
900 1023 1027 1090 Chorus
1050 1025 1101 1087 vel
1125 1027 1288 1108 prodeun-

344 1158 390 1210 tes
424 1145 543 1228 excipit
576 1146 721 1210 carmine
769 1147 832 1211 vel¹
866 1147 1020 1211 abeuntes
1058 1146 1285 1230 prosequitur:

345 1267 446 1331 exitus
481 1267 616 1332 demum
650 1267 715 1332 sive
738 1267 822 1342 latore
845 1269 1000 1333 dramatis
1025 1267 1172 1355 (victoria
1195 1267 1286 1332 The-

342 1387 517 1476 banorum)
543 1390 791 1475 ejusmodiest,
823 1402 860 1454 ut
893 1391 927 1453 in
961 1409 1000 1454 eo
1032 1387 1163 1456 Chorus
1194 1389 1285 1472 prin·

347 1510 432 1594 cipes
454 1508 600 1578 obtineat
623 1525 740 1594 partes.

385 1631 459 1696 Alia
483 1633 578 1714 plane
612 1652 662 1694 res
685 1643 732 1695 est
762 1630 795 1692 in
828 1627 1031 1694 Prometheo
1062 1633 1186 1694 vineto.
1233 1630 1284 1694 lbi

341 1753 561 1839 protagonista
583 1764 743 1836 perpetuo
777 1753 864 1816 adest
900 1751 933 1814 in
961 1773 1056 1834 scena
1078 1764 1111 1815 et
1134 1749 1282 1815 Chorum

340 1874 400 1939 sibi
423 1873 547 1938 socium
570 1872 689 1938 habet:
726 1893 832 1959 quum
867 1884 977 1936 autem
1012 1872 1058 1934 ibi
1081 1871 1284 1935 continenter

341 1997 423 2060 duae
445 1995 549 2058 adsint
571 2013 737 2076 personae,
761 2012 800 2057 eo
821 1993 871 2068 fis,
894 2004 932 2056 ut
953 1992 1191 2058 sermocinandi
1213 2013 1283 2058 ma-

341 2117 447 2194 xima,
482 2116 618 2182 canendi
650 2115 704 2206 vix
735 2115 801 2178 ulla
829 2099 872 2178 sit
902 2113 1138 2197 opportunitas.
1186 2111 1282 2198 Quod

339 2239 383 2302 ita
418 2259 481 2302 esse
513 2223 656 2323 arguunt
687 2236 813 2300 minuta
852 2237 999 2312 stasima,
1045 2257 1188 2320 quorum
1218 2234 1284 2299 triu

339 2328 635 2440 tantumginseruit
669 2361 782 2440 poeta3
820 2376 925 2440 quum
957 2369 1071 2420 contra
1094 2359 1127 2420 in
1150 2357 1281 2442 reliquis

339 2477 510 2566 tragoediis
540 2478 662 2561 saepius
696 2478 797 2564 lyrica
827 2455 925 2562 epicis
949 2477 1144 2548 intertexere
1169 2480 1279 2542 soleat.

341 2599 437 2666 Caret
460 2599 552 2664 enim·
570 2598 780 2663 Prometheus
815 2599 1033 2664 vinctustam
1055 2601 1181 2689 parodo
1205 2621 1281 2664 con-

236 2711 238 2715 ·
338 2722 455 2820 sinenti
486 2743 588 2807 quam
611 2719 735 2798 exodo,
767 2722 876 2806 quales
908 2723 1019 2808 plures
1051 2720 1199 2806 Aeschyli
1233 2722 1280 2784 fa-

336 2845 433 2910 bulae
455 2839 607 2931 habent(
630 2841 655 2932 ).
700 2903 703 2910 ,

379 2963 441 3030 Sed
466 2986 571 3051 quum
594 2962 774 3050 lyricorum
805 2959 989 3026 carminum
1013 2961 1186 3045 penuriam
1209 2982 1280 3027 me·

335 3107 453 3166 moro,
488 3107 555 3152 non
588 3087 659 3150 ideo
695 3082 828 3149 actionis
862 3081 1116 3166 amplitudinem
1139 3084 1276 3160 extollo,

336 3232 437 3296 quam
460 3209 577 3274 merito
599 3189 948 3294 minimamappellat
971 3203 1171 3289 Bernhardy.
1194 3201 1278 3269 Nus·

336 3352 438 3416 quam
472 3329 560 3392 enim
588 3324 812 3413 frequentiora
847 3323 929 3389 sunt'
951 3325 1075 3390 cantica
1106 3345 1208 3408 quam
1243 3323 1278 3388 in

335 3455 399 3517 hoc
415 3451 695 3536 dramate‚'quod
713 3446 894 3533 perlegenti
916 3467 1040 3521 vereor,
1064 3467 1105 3512 ue
1126 3446 1160 3508 in
1183 3466 1297 3518 men·,

333 3588 402 3638 tem
436 3571 544 3637 veniat
565 3569 741 3638 Aristotelis
762 3569 843 3636 illud
873 3569 913 3632 de
936 3567 1101 3654 tragoedia
1123 3587 1276 3650 praecep-

334 3710 429 3761 tums
472 3692 633 3781 τραγῳδία
665 3695 790 3790 μίμηεξις
810 3727 862 3774 '7
897 3688 1044 3776 δρώντων
1075 3690 1130 3752 καὶ
1164 3689 1200 3754 οὐ
1232 3687 1275 3754 δι’
1302 3699 1306 3706 ’

373 3911 416 3982 (1)
436 3919 482 3970 Ex.
502 3931 543 3982 gr.
560 3915 672 3982 Suppl,
690 3915 763 3980 Sept.
783 3928 809 3966 c.
827 3912 894 3974 Th,
914 3911 1054 3976 chotun,
1075 3909 1187 3962 Eumen.
1213 3908 1275 3974 Quo

335 4022 425 4070 tamen
461 4016 496 4067 de
523 4028 554 4066 re
581 4013 655 4066 conl.
688 4011 838 4066 Hermannl
861 4009 1072 4065 commentarlus
1099 4009 1135 4060 ad
1163 4006 1275 4060 Aristot.

335 4117 411 4180 pact.
430 4113 485 4177 12,
504 4113 540 4178 6,
560 4125 587 4176 p.
606 4109 671 4162 132.
