3016 5000
597 301 755 358 ..37„.

200 505 267 570 Soli
305 501 415 566 omnia
456 500 578 563 videnti
614 501 800 583 populoque
839 499 962 587 Argiuo
1000 512 1145 568 testatur.

202 627 328 694 Chorus
363 635 495 698 autern,
538 622 702 683 malcrum
736 619 903 684 atrocitate
936 622 1145 703 perterritus,

202 751 352 814 fortunae
395 741 516 806 Orestis
560 740 759 826 ingemiscit,
794 740 847 804 cui
882 762 923 804 ne
952 763 1041 806 nuno
1074 745 1146 827 qui·

201 872 299 942 dem,
332 863 480 951 quamvis
513 862 587 927 vivo
618 875 651 926 et
684 863 816 940 victori,
853 863 919 928 1111
949 875 981 927 11
1014 864 1147 929 11110111

201 991 342 1076 gaudere
365 986 462 1048 liceat
487 980 780 1072 (11.1001-1001).
816 981 919 1047 Solari
943 996 1053 1049 tamen
1079 988 1145 1070 ejus

201 1113 347 1176 dolorem
369 1108 478 1172 studet
500 1106 688 1178 monendo,
719 1105 855 1168 solemni
878 1104 1027 1169 facinoris
1050 1106 1149 1171 sesti-s

201 1231 344 1296 matione
377 1227 540 1293 molestias
571 1226 687 1309 depelli
724 1246 812 1308 posse
837 1223 893 1313 (11.
921 1224 1144 1314 tota-1016),

203 1372 346 1435 eumque
380 1349 463 1412 bene
494 1347 622 1422 fecisse,
654 1347 743 1431 quod
777 1345 935 1432 Argiuam
973 1359 1096 1412 terram
1129 1371 1148 1412 1

203 1473 330 1538 duobus
353 1469 544 1535 draconibus
567 1469 731 1533 liberasset
755 1465 813 1556 (11.
840 1467 1056 1558 1040-1043).

248 1592 310 1658 Sed
329 1606 495 1657 maternae
517 1590 618 1655 caedis
642 1589 835 1654 conscientia
853 1591 957 1676 magis
978 1591 1144 1676 magisque

203 1713 402 1800 exagitatum
424 1715 545 1776 frustra
568 1708 694 1775 Chorus
717 1713 839 1774 solatur
870 1708 928 1798 (11.
952 1713 1034 1776 1051
1059 1711 1143 1797 sq),

201 1835 322 1898 frustra
353 1833 501 1916 pietatis,
535 1854 636 1917 quam
667 1853 743 1918 erga
778 1843 906 1914 patrem
935 1835 1120 1898 ostendisset
1134 1836 1153 1909 ‚⁸

202 1967 235 2018 et
269 1955 425 2018 uictoriae
458 1965 640 2036 reportatae
672 1955 826 2017 admonet
862 1954 920 2040 (11.
949 1956 1032 2018 1047
1058 1953 1143 2040 sq).

204 2079 327 2139 frustra
351 2074 490 2158 denique
515 2086 663 2157 paternas
687 2076 778 2138 aedes
800 2075 921 2138 intrare
944 2074 1053 2160 ibique
1076 2097 1145 2141 sce·

83 2231 87 2238 ,
201 2198 251 2261 lus
276 2196 406 2280 expiare
436 2195 529 2280 jubet
554 2196 613 2280 (11.
639 2196 725 2258 1055
750 2193 835 2280 sq.):
871 2192 999 2261 Orestes
1022 2198 1143 2273 domo,

201 2320 288 2382 unde
309 2317 423 2382 Furias
445 2339 478 2381 se
496 2317 685 2398 insectantes
702 2317 798 2394 videt,
823 2320 981 2405 profugus
1004 2317 1145 2402 Delphos

200 2439 282 2524 petit
323 2409 510 2523 Apollinem
545 2441 682 2521 supplex
716 2439 871 2506 aditurus.
929 2437 1012 2504 Huic
1043 2439 1143 2526 igitur

201 2563 262 2625 deo
306 2558 433 2624 Chorus
473 2559 672 2642 parricidam
714 2561 892 2625 committit
926 2583 1026 2647 quem
1061 2561 1142 2626 votis

201 2682 408 2766 prosequitur
434 2681 493 2768 (11.
519 2678 741 2770 1059-1072),
766 2693 798 2746 11
821 2683 914 2748 111111
938 2683 1068 2749 aedium
1091 2705 1142 2747 re-

201 2803 331 2887 giarum
371 2802 609 2868 calamitatibus
649 2804 810 2868 recensitis
845 2803 991 2882 dubitat,
1028 2819 1143 2870 utrum

201 2921 352 2988 Orestem
385 2926 505 2987 harum
539 2923 750 2988 liberatorem
786 2947 826 2989 an
849 2927 956 3010 potius
979 2928 1056 2992 novi
1078 2948 1144 2992 sce·

201 3045 274 3109 loris
309 3057 479 3108 auctorem
514 3043 620 3108 dicere
654 3044 789 3124 debeat,
836 3069 943 3132 nsque
977 3049 1141 3112 malorum

205 3168 306 3231 tinem
331 3166 471 3231 invenit:

403 3295 462 3353 ποῖ
482 3287 562 3382 δῆτα
585 3296 714 3375 κρανεῖ,
738 3297 797 3355 ποῖ
819 3290 986 3373 καταλήξει

403 3413 647 3510 μετακοιμ111111
669 3410 762 3494 μένος
784 3417 876 3509 depes

567 3658 754 3670 *—

246 3757 356 3868 Ν11111
373 3805 522 3887 profecto
553 3817 599 3868 111
633 3805 762 3881 fabula,
798 3805 833 3868 in
868 3826 933 3890 qua
967 3804 1141 3893 Aeschylus

202 3923 302 3990 Chori
325 3939 431 4008 partes
455 3925 642 3992 concinnius
665 3939 696 3990 et
720 3927 853 4011 propius
876 3931 915 3993 ad
928 3927 1140 4012 Sophocleum

201 4067 354 4114 normam
390 4046 604 4131 descripserit.
661 4047 790 4116 Omitto
833 4051 921 4115 enim
955 4053 1142 4122 universum
