2902 5004
696 295 851 348 -40-

350 497 412 562 Sed
432 518 497 562 non
515 497 569 560 diu
587 497 649 558 hoc
662 495 779 582 gaudio
806 495 1034 577 perfruuntur:
1058 517 1135 560 nam
1156 517 1243 558 mare

243 639 247 653 ·
306 617 472 704 Aegaeum
497 615 690 701 prospiciens
713 617 821 682 subito
851 615 978 716 Danaus
1005 629 1101 681 metu
1134 617 1244 700 oppri-

306 739 428 812 mitur,
472 751 504 801 et
544 738 686 806 filiarum
726 738 850 802 cantico
886 739 1059 821 derepente
1079 735 1243 826 ¹suinrit‚

305 855 445 945 jamjam
463 858 603 944 Aegypti
628 859 710 922 filios
737 860 1023 944 appropinquare,
1056 881 1185 924 cernere
1212 881 1245 922 se

307 1003 423 1046 eorum
450 1003 587 1056 navem,
622 1002 705 1066 quae
730 982 901 1046 contractis
925 983 1002 1048 velis
1025 981 1118 1056 celeri
1141 979 1245 1045 remi-

305 1126 386 1190 gum
403 1124 503 1187 opera
520 1103 700 1168 advehitur.
748 1101 857 1186 Quare
872 1103 989 1168 urbem
1008 1104 1095 1168 adire
1120 1115 1152 1166 et
1170 1121 1246 1184 pro·

306 1225 439 1288 missum
463 1224 584 1290 civium
608 1224 765 1316 auxilium
791 1225 939 1290 invocare
961 1225 1082 1289 statuit.
1129 1220 1246 1288 Statim

304 1365 342 1408 eo
367 1345 484 1409 nuntio
507 1341 676 1432 virginum
699 1366 801 1442 paean
825 1345 859 1406 in
882 1348 1009 1408 luctum
1028 1345 1246 1434 convertitur:

307 1478 461 1529 metuunt
483 1468 592 1529 denuo
616 1463 882 1552 persequentium
905 1453 1157 1540 immanitatem,
1176 1463 1248 1548 qui-

304 1585 364 1648 bus
387 1605 428 1648 ne
451 1606 524 1650 arae
548 1584 682 1668 quidem
701 1585 839 1646 deorum
863 1583 1098 1665 impedimento
1116 1586 1246 1647 futurae

307 1704 389 1780 sint,
413 1705 589 1804 quominus
612 1725 740 1788 sponsas
762 1703 823 1768 sibi
846 1705 1003 1775 auferant.
1051 1701 1159 1786 Quare
1183 1704 1245 1766 Da·

308 1847 411 1900 naue,
436 1825 628 1910 priusquam
660 1824 868 1897 urbem-adit
890 1839 922 1888 et
945 1823 1067 1888 civium
1089 1825 1246 1920 auxilium

306 1947 456 2022 invocat,
491 1945 572 2010 filias
603 1947 781 2020 hortatur,
816 1957 854 2008 ut
884 1943 942 2007 diis
985 1956 1017 2006 et
1042 1921 1267 2030 ,Argivorumv

308 2067 406 2131 armis
430 2067 615 2145 confidant3
651 2087 719 2130 non
753 2065 842 2130 enim
877 2063 1060 2148 periculum
1092 2085 1175 2139 esee,
1210 2085 1252 2128 ne

205 2263 207 2268 Ι
311 2208 344 2250 se
367 2187 520 2263 absente,
556 2209 660 2271 quum
696 2187 792 2250 instet
825 2186 928 2250 noctis
962 2199 1115 2278 tempus,
1147 2189 1251 2250 hostes
1324 2249 1327 2258 ,

312 2307 346 2368 in
369 2306 606 2388 importuosanr
639 2305 860 2390 Peloponnesi·
883 2327 975 2370 oram
1003 2309 1168 2391 appellant
1193 2307 1253 2396 (vs.

312 2422 489 2512 691-756).
536 2425 614 2490 Illae
637 2439 748 2518 tamen
777 2450 873 2515 aegre
896 2431 1079 2492 auscultant
1101 2429 1209 2511 pat'ri,
1234 2453 1253 2494 a

313 2567 379 2630 quo
400 2569 433 2610 se
456 2547 578 2623 deseri,
604 2521 813 2632 impendente
837 2551 943 2625 malo,
977 2549 1118 2636 graviter
1142 2552 1253 2614 ferunt

309 2681 341 2731 et
365 2667 622 2734 commotiesimo
655 2670 799 2750 carmine
836 2669 893 2758 (γε’.
920 2670 1083 2754 756-804)
1108 2692 1255 2754 querun-

311 2801 386 2867 tur,
422 2811 455 2854 se
489 2790 595 2874 salute·
623 2791 787 2874 destitutas
826 2765 957 2875 praeter
991 2805 1134 2860 mortem
1176 2795 1258 2858 nihil
1318 2879 1320 2886 Ι
1356 2807 1360 2816 ’

311 2915 398 2997 quod
423 2887 557 2995 optent,
581 2912 749 2996 reliquum
772 2912 912 2978 habere:

504 3030 541 3098 τὸ
566 3035 624 3118 γὰρ
647 3039 762 3102 θανεῖν
786 3024 966 3122 Ιἐλευθεροῦ-

500 3182 552 3220 ται
582 3155 779 3239 φιλαιακτῶν
804 3160 910 3226 κακῶν
928 3197 972 3210 -

317 3279 476 3293 ...ᾐ-

425 3337 496 3388 Geen
517 3350 614 3404 zwerm
635 3347 685 3385 ran
705 3333 796 3386 ziekte
815 3339 884 3386 valle
903 3338 987 3388 neder
1067 3319 1072 3340 ⁶

463 3433 502 3484 En
524 3434 617 3484 woede
637 3445 674 3494 op
694 3443 767 3484 uwer
786 3431 914 3495 burg'ren
936 3429 991 3484 ert!

425 3529 499 3582 Maur
519 3529 615 3592 Lycius
636 3529 733 3593 Apollo
754 3542 824 3580 were

462 3609 519 3678 Va'n
542 3627 638 3690 maagd
659 3640 691 3676 eu
708 3625 846 3688 jong’ting
866 3627 909 3676 elli
930 3628 1053 3678 terdert!

426 3725 471 3778 Uw
491 3727 592 3776 akkers
612 3727 719 3775 kroone
737 3713 804 3774 Zeu's
824 3729 879 3775 met
898 3739 980 3787 regen
1039 3755 1041 3762 ·

462 3823 520 3874 Van
541 3822 655 3882 eruent,
677 3821 706 3870 in
728 3820 770 3871 elk
787 3821 899 3890 ,satsoen
919 3805 1030 3886 gedu‘d3

424 3919 462 3970 En
485 3918 619 3996 ’eflemels
638 3921 725 3979 guast
745 3921 931 3972 vermeerdere
950 3920 979 3971 in
999 3935 1042 3986 uw
1062 3923 1165 3974 weiden

461 4016 511 4069 flet
530 4030 597 4080 ree,
617 4016 665 4068 dat
684 4017 802 4080 granna
823 4025 991 4072 voorwaarte
1010 4021 1146 4085 sehrijdt!
