2902 5004
745 331 902 385 ..24-

350 533 549 618 aliquamdiu
585 532 768 614 consopitus
804 543 835 594 et
879 527 1005 612 quietus
1038 526 1136 608 jacet.
1194 521 1301 606 Cujus

351 655 481 718 fabulae
505 652 695 736 compositio
728 673 833 736 quum
864 661 931 714 tota
954 650 994 712 ad
1017 644 1298 732 magnificentiam

350 790 382 838 et
404 775 610 856 splendorem
633 774 673 837 sit
697 783 907 855 comparata,
941 775 1035 854 poe'ta
1065 767 1219 854 Pythiae,
1244 768 1299 828 fa-

349 895 463 960 tidicae
498 895 634 980 virgini,
673 896 848 979 prologum
882 891 991 966 dedit,
1028 910 1110 974 quae
1141 887 1299 973 singulari

349 1037 415 1100 quo
439 1015 583 1104 prodiret
616 1028 648 1077 et
681 1017 869 1098 loqueretur
899 1014 997 1077 modo
1018 1011 1177 1074 illustrem
1200 1008 1300 1072 aetio-

350 1137 398 1199 nis
422 1135 548 1199 aditum
572 1136 714 1212 faceret,
737 1136 834 1199 simul
857 1133 1024 1198 efferendis
1049 1131 1205 1216 Apollinis
1228 1133 1300 1194 lau-

350 1254 443 1318 dibus
478 1253 645 1337 sequentia
682 1266 902 1337 praepararet.
948 1252 1071 1316 Deinde
1105 1253 1166 1314 hac
1196 1249 1297 1317 etiam

350 1390 419 1440 arte
442 1373 591 1440 Orestem
621 1377 662 1439 ad
693 1375 792 1439 breve
823 1389 952 1458 tempus
982 1395 1000 1437 a
1032 1375 1092 1437 deo
1118 1371 1297 1434 liberatum

349 1493 473 1576 fingere
496 1507 528 1555 et
552 1511 628 1554 mox
656 1511 777 1555 novam
803 1491 1003 1574 invisamque
1028 1487 1205 1561 rationem,
1232 1507 1297 1570 qua

348 1612 466 1675 Furiae
510 1633 625 1676 somno
673 1623 903 1675 excuterentur
949 1623 980 1674 et
1019 1619 1297 1692 prorumperent,

350 1728 587 1814 spectatoribus
610 1729 761 1792 exhibere
787 1729 903 1811 potuit.

392 1852 431 1915 In
455 1850 584 1934 reliquis
610 1848 737 1914 Chorus
759 1853 869 1934 paullo
892 1861 964 1933 post
981 1848 1148 1912 histriones
1173 1847 1208 1909 in
1231 1868 1297 1910 sce-

349 1995 428 2036 nam
441 1969 596 2054 procedit,
614 1983 646 2033 et
670 1971 715 2047 iis,
736 1992 818 2054 quae
837 1971 906 2054 jam
927 1980 998 2032 acta
1017 1980 1102 2044 sunt,
1121 1989 1178 2030 sua
1199 1965 1299 2029 animi

350 2114 439 2156 sensa
474 2103 506 2154 et
529 2091 649 2176 judicia
685 2090 814 2174 subjicit
838 2087 897 2178 (1).
946 2089 985 2152 In
1014 2063 1149 2176 Septem
1180 2111 1209 2154 c.
1237 2087 1297 2152 Tt.

352 2243 512 2254 t—-a

391 2326 547 2394 irritaque
581 2331 653 2389 alia,
682 2329 806 2392 quamvis
841 2330 952 2382 brevior
979 2335 1007 2382 et
1034 2328 1233 2392 artificiosior,
1260 2333 1300 2379 est

351 2426 521 2488 Sophocleae
548 2427 649 2489 paredi
679 2405 771 2478 ratioi
798 2441 882 2490 quum
911 2433 940 2480 et
966 2429 1014 2479 illa
1042 2426 1182 2492 praesenti
1208 2440 1300 2477 rernm

349 2524 434 2574 statui
454 2523 620 2587 explicando
649 2525 798 2586 inserviat,
828 2540 943 2590 eamque
962 2529 1066 2577 canant
1085 2525 1230 2587 homiues,
1250 2523 1299 2586 qui

350 2621 391 2671 rei
420 2622 543 2684 agendae
574 2622 638 2684 jure
665 2611 796 2686 quodam
824 2623 972 2675 intersunt.
1029 2623 1082 2673 Sed
1121 2623 1189 2672 haec
1225 2622 1299 2684 apud

349 2715 512 2778 Sophoclem
547 2717 616 2766 bene
654 2718 773 2768 tenenda
809 2721 891 2769 suut:
932 2718 1071 2783 primum,
1109 2718 1213 2769 Chorus
1244 2729 1299 2767 non

351 2811 410 2875 agit
447 2815 475 2864 et
512 2803 652 2874 salsurae
688 2806 836 2878 ἄπρακτος
877 2816 933 2878 est3
969 2817 1047 2877 tum,
1085 2811 1211 2875 longiore
1243 2814 1301 2876 jam

352 2909 461 2959 tabulae
481 2913 559 2971 parte
578 2913 690 2972 peraeta
711 2923 909 2972 nonnunquam
928 2910 959 2961 in
978 2924 1088 2961 scenam
1103 2910 1219 2972 prodit,
1239 2911 1301 2959 tsn-

352 3007 439 3070 dem,
475 3005 600 3056 homines
633 3019 648 3054 e
685 3006 765 3070 vulgo
801 3007 939 3070 progressi
974 3011 1067 3070 partes
1102 3006 1186 3058 Chori
1222 3012 1301 3058 tueu·

352 3106 405 3152 tur.
444 3103 523 3153 llodo
544 3103 612 3153 haec
631 3103 848 3168 perspiciamus,
877 3103 1058 3167 intelligimus
1086 3103 1135 3166 qui
1161 3103 1300 3155 interdum

353 3203 402 3249 aut
421 3199 516 3249 falsum
535 3203 562 3249 et
581 3213 695 3263 pratum
719 3201 824 3262 aliquid
845 3204 948 3252 statuat
969 3227 1005 3237 -
1026 3205 1056 3252 ut
1083 3199 1112 3252 in
1133 3197 1220 3264 Ajacts
1238 3213 1301 3262 par-

354 3296 409 3345 odo
439 3309 476 3345 rs.
496 3295 552 3346 134
576 3309 634 3357 sqq.
654 3297 698 3346 ed.
717 3297 760 3348 Br.
787 3323 824 3334 -
843 3301 892 3347 aut
911 3311 943 3348 ea
962 3300 1088 3361 prolerre
1107 3296 1211 3360 possit,
1230 3309 1302 3359 quae

353 3405 415 3442 cum
444 3391 584 3454 agentium
611 3391 695 3442 sensis
721 3391 834 3443 minima
853 3393 1040 3444 conveniant:
1069 3391 1153 3444 veluti
1179 3392 1209 3442 in
1229 3390 1302 3443 Antr-

354 3502 416 3552 pone
435 3501 475 3538 rs·
494 3487 548 3538 100
568 3500 626 3551 sqq.
645 3489 689 3539 ed.
712 3488 803 3541 llerm.

390 3583 532 3646 Euripidis
561 3589 658 3635 eontra
687 3585 795 3637 diversa
822 3600 903 3650 saepe
933 3587 1006 3638 ratio
1035 3590 1092 3638 est:
1121 3587 1189 3650 qui,
1218 3599 1301 3648 quum

352 3680 435 3732 Chori
464 3683 556 3743 partes
593 3693 647 3730 non
675 3681 710 3732 iis
740 3681 863 3742 tribuat,
904 3682 952 3746 qui
980 3683 1183 3745 quodammodo
1210 3683 1303 3732 adesse

352 3777 488 3842 debeant,
518 3789 628 3838 rerum,
658 3778 699 3829 uti
719 3777 747 3828 in
771 3778 915 3832 Phoenissis
934 3781 1062 3842 obtinet,
1091 3779 1203 3830 aliunde
1228 3779 1301 3828 haud

353 3887 417 3925 raro
438 3867 575 3936 personas
589 3879 727 3940 arcessat,
757 3877 864 3939 paredo
894 3876 924 3928 id
954 3877 1072 3928 maxime
1090 3877 1209 3928 chorum
1237 3873 1303 3925 tacit

352 3972 533 4036 eloquentem,
553 3985 609 4034 quo
624 3971 690 4034 jnre
709 3972 738 4023 in
759 3986 868 4024 scenam
888 3975 1024 4037 prodeat,
1043 3977 1070 4024 et
1090 3973 1229 4036 quodnam
1248 3971 1302 4034 ipsi

349 4081 412 4120 cum
443 4069 552 4122 tabulae
588 4069 714 4132 personis
753 4071 931 4135 cognationis
972 4071 1110 4124 vinculum
1140 4069 1303 4121 intercedat·
1340 4127 1344 4130 .
