3016 5000
626 360 783 444 ,pp-

236 563 333 627 illud·
349 564 453 626 fatum
489 561 530 624 sit
568 559 656 643 quod
690 555 761 626 Jovi
804 553 1011 636 impendeat,
1047 568 1177 642 rogatus

233 685 267 748 in
311 697 457 768 praesens
491 677 708 746 Oceanidihus
746 697 813 740 uon
848 675 1079 758 aperiendum,
1099 679 1173 740 'sed

235 828 332 891 quam
352 804 494 868 maxime
507 802 677 865 celandum
691 808 798 886 'censet
811 797 869 886 (vs.
879 797 1060 883 505·524).
1083 795 1176 883 Qua-

233 949 269 992 re
299 927 370 991 illae
401 923 493 987 dictis
518 925 585 1004 ejus
609 919 726 984 diffirae
756 921 930 1005 ipsumque
960 921 1070 984 inania
1100 943 1175 1004 spe·

233 1069 306 1112 rare
328 1059 385 1111 aut
408 1043 517 1108 moliri
538 1043 729 1128 suspicataep
746 1042 895 1108 animum
916 1029 1176 1128 sententiamque

233 1147 276 1232 de
296 1166 514 1240 Prometheo,
548 1165 582 1227 in
604 1165 755 1247 proximo
776 1166 925 1241 marimo,
950 1165 1076 1248 penitus
1099 1187 1174 1230 mu-

235 1302 317 1380 tant.
370 1284 421 1350 Ibi
452 1289 539 1350 enim
569 1287 609 1350 ad
635 1286 804 1351 'saniorem
847 1299 992 1352 mentem
1032 1308 1176 1352 reversae

235 1407 533 1495 tergiversationem
570 1419 683 1472 contra
724 1396 812 1474 Joris
844 1409 932 1492 jussa
970 1408 1174 1492 vituperant,

236 1527 390 1610 pietatem
418 1528 661 1612 verborumque
691 1529 883 1593 modestiam
909 1528 969 1594 sibi
1001 1532 1177 1614 deprecan·
1214 1503 1217 1510 .

236 1661 309 1726 tur,
333 1637 549 1714 temeritatem
573 1670 667 1726 vero,
691 1651 841 1733 adspecta
861 1650 1045 1716 Promethei
1062 1672 1178 1716 exem·

231 1772 309 1852 plo,
343 1772 488 1837 horrent.
534 1769 674 1856 Qualem
697 1773 785 1836 enim
803 1773 858 1838 ille
882 1773 968 1838 lovis
992 1785 1175 1838 contemtor

233 1889 451 1956 benivolentia
481 1913 538 1956 sua
562 1905 660 1977 atque
682 1895 773 1957 donis
795 1894 935 1979 gratiam
960 1896 1047 1978 apud
1078 1916 1174 1959 mor-

238 2013 315 2075 tales
338 2011 432 2076 iniit!

443 2137 565 2199 Orinore
591 2139 649 2216 τὴν
673 2137 748 2208 Διὸς
770 2136 925 2216 ἁρμονίαν

434 2258 572 2340 θνητῶν
595 2256 760 2350 capeliam
783 2255 918 2344 proici:

234 2373 361 2443 Scilicet
392 2399 438 2472 ex·
453 2375 588 2464 pristina
611 2377 762 2441 felicitate
784 2377 818 2442 in
831 2377 1006 2444 ,miseriam
1034 2379 1177 2462 dejectus

233 2498 325 2579 inops
343 2499 445 2580 jacet;
471 2511 503 2562 et
529 2500 619 2582 cujus
641 2499 729 2582 ipsae
751 2500 920 2584 quondam
943 2499 1071 2581 nuptias
1100 2521 1177 2564 cum
1211 2539 1214 2554 ·

234 2617 414 2684 Hermione
436 2621 520 2694 laeto
544 2620 687 2684 carmine
714 2619 943 2696 celebrassent,
968 2621 1064 2705 hujus
1089 2642 1178 2685 nunc
1226 2621 1230 2628 ’

233 2763 405 2807 aerumnas
434 2741 585 2808 flebiliter
608 2743 779 2826 deplorant
805 2739 862 2830 (vs.
884 2743 1064 2831 524-559).

261 2863 434 2948 ¹Deinceps
457 2865 492 2927 in
514 2881 645 2928 scenam
669 2863 778 2945 prodit
809 2863 926 2948 iniquis
950 2863 1022 2926 fatis
1045 2865 1111 2926 huc
1142 2863 1178 2928 it-

234 2990 288 3051 luc
308 2985 426 3072 agitata
454 2985 507 3060 Io,
532 2997 653 3048 sortem
670 3005 770 3047 suam
787 2986 921 3068 lugens,
948 2995 1077 3078 etcum
1098 2982 1180 3048 Pro·

234 3110 366 3172 matheo
389 3125 552 3172 sermones
582 3103 680 3180 serit,
704 3083 795 3168 'tum
816 3105 855 3168 de
881 3102 965 3168 illius
989 3101 1125 3186 vinculis
1147 3117 1181 3168 et
1222 3077 1224 3084 Ι

233 3250 356 3315 poenae
379 3249 488 3298 caussa
518 3205 656 3292 tamvde
678 3246 736 3291 sua
758 3224 855 3308 ipsius
878 3225 1079 3302 calamitate,
1112 3244 1179 3310 qno

233 3363 329 3436 pacto
350 3351 384 3414 in
405 3351 490 3414 hanc
506 3348 672 3426 inciderim
698 3329 739 3395 ’-
763 3345 973 3413 Prometheus
997 3346 1027 3414 ei
1049 3349 1180 3435 longas,

234 3495 315 3558 quas
329 3493 460 3557 passura
474 3469 532 3549 sit,
558 3469 731 3536 errationes
752 3482 785 3534 et
803 3469 903 3535 simul
922 3471 1075 3536 futurum
1092 3467 1181 3538 Jovis

235 3615 345 3660 casum
355 3614 515 3680 suamque
527 3591 624 3677 ipsius
641 3591 866 3658 liberationem
883 3589 1072 3679 singillatim
1085 3611 1176 3655 enar·
1200 3641 1203 3648 .

206 3726 306 3812 'rat3
329 3746 374 3768 --
407 3717 542 3780 tandem
565 3715 623 3779 uhi
646 3716 811 3809 malorum
834 3733 969 3777 suorum
993 3714 1095 3776 finem
1117 3731 1177 3778 ¹ra·

235 3835 425 3923 tionemque
448 3859 514 3921 qua
535 3857 552 3899 e
572 3813 629 3900 sua
652 3833 807 3920 progenie
827 3833 982 3902 liberator
993 3831 1179 3900 Promethei

236 3955 418 4022 exoriturus
444 3958 506 4033 sit,
536 3956 706 4044 cognovit,
721 3997 737 4047 ·,
753 3956 872 4020 furoris
906 3955 1039 4021 stimulo
1074 3955 1180 4020 denuo

235 4080 358 4162 percita
380 4102 509 4146 scenam
535 4077 738 4164 queribunda
764 4055 890 4144 deserit.
