3016 5000
736 318 894 372 ..64-

349 539 466 602 parum
488 528 596 580 curat:
624 516 737 581 eodem
763 519 829 580 fere
856 519 969 592 modo,
1000 537 1067 601 quo
1087 518 1121 581 in
1146 516 1236 604 Sept.
1255 544 1285 583 c.

350 638 468 711 rtet,
491 637 551 702 sub
583 637 705 701 exitum
738 638 817 702 item
842 638 990 715 fabulae,
1016 642 1158 704 alterum
1183 643 1286 704 herni-

349 760 498 824 chorium
523 759 639 849 populi
669 761 798 822 decreto
824 759 925 824 libere
953 763 1150 826 adversatur.

391 879 495 944 Porro
508 877 650 956 Chorus,
664 882 753 964 quod
768 903 864 964 supra
878 881 1175 960 animadvertimus,
1190 885 1290 948 modo

347 1004 430 1066 solus
449 1023 526 1066 cum
546 1002 765 1088 protagonista
781 1003 929 1078 relictus,
952 1005 1019 1087 ejus
1039 1004 1124 1069 dicta
1142 1005 1289 1086 prolicit,

347 1125 445 1188 modo
470 1123 667 1187 adstantibus
687 1123 772 1200 aliis,
796 1123 1031 1206 interpellando
1049 1146 1211 1190 sermones
1230 1149 1286 1190 ue-

348 1245 406 1308 aa
430 1246 482 1308 ver
504 1245 676 1327 protrahit.
1244 1222 1259 1256 ⁸

392 1365 586 1451 Lyricorum
605 1365 744 1450 denique
766 1365 970 1442 carminum,
996 1388 1084 1450 quae,
1103 1373 1199 1449 poeta
1220 1389 1290 1432 mo·

347 1488 454 1550 dulate
482 1487 617 1550 variavit
644 1484 689 1574 (l)
705 1493 727 1559 ,’”
746 1498 940 1571 argumenta
974 1509 991 1548 a
1021 1487 1116 1551 rebus
1140 1490 1289 1571 proxime

346 1609 379 1670 in
402 1629 494 1672 scena
517 1608 612 1694 gestis
638 1607 736 1689 petita
758 1619 843 1670 sunt.
891 1604 1017 1668 Primo
1041 1619 1138 1670 cantu
1163 1606 1289 1674 Chorus

344 1750 441 1792 suum
466 1730 681 1812 omniumque
706 1731 845 1802 luctum,
868 1749 906 1790 ex
925 1726 1108 1791 Promethei
1125 1730 1289 1792 aerumnis

346 1863 560 1932 perceptum,
602 1849 775 1924 describit,
810 1846 1008 1932 aequitatem
1043 1846 1130 1913 loris
1165 1847 1288 1912 hahens

345 1984 537 2055 suspectam.
581 1969 709 2034 Verum
737 1969 794 2032 ubi
822 1967 1055 2032 Prometheum
1081 1968 1164 2031 mira
1190 1989 1289 2052 quae-

345 2094 422 2155 dam
469 2105 500 2156 et
537 2091 736 2156 incredibilia
781 2090 987 2153 minitantem
1034 2089 1141 2166 audit,
1185 2089 1288 2152 minas

346 2214 412 2296 ejus
439 2225 471 2277 et
495 2212 692 2277 clandestina
714 2213 844 2276 consilia
868 2211 1010 2294 spernit,
1034 2210 1289 2295 improbamque

346 2336 458 2416 culpae
483 2333 658 2416 expiandae
675 2333 835 2396 rationem
854 2349 1038 2409 aversatur,
1058 2334 1196 2418 ideoque
1208 2356 1289 2416 sup-

275 2531 277 2538 *
347 2459 419 2538 pler
457 2456 496 2518 ad
532 2454 647 2518 Jovem
683 2475 828 2518 reversus
862 2455 1017 2538 pietatem
1042 2469 1073 2521 et
1096 2457 1287 2521 modestiam

345 2575 403 2640 sibi
428 2587 599 2658 precatur:
625 2574 743 2658 quibus
767 2587 891 2640 temere
914 2578 1065 2662 neglectis
1090 2600 1127 2641 ex
1153 2577 1288 2661 pristino

346 2697 506 2762 felicitatis
530 2707 616 2760 statu
652 2694 862 2760 Prometheus
898 2698 1051 2762 deciderit
1085 2712 1135 2774 et,
1170 2701 1290 2763 frustra

346 2821 474 2884 aliunde
509 2819 568 2882 sibi
606 2817 762 2902 praesidia
799 2839 975 2902 quaereus,
1010 2839 1108 2900 porro
1137 2820 1227 2903 inops
1251 2820 1292 2883 sit

342 2941 499 3024 jaciturus
513 2938 572 3030 (2)
620 2939 659 3004 In
684 2960 751 3026 quo
774 2939 854 3003 illud
877 2940 975 3004 etiam
1000 2941 1039 3004 ad
1064 2940 1188 3004 animos
1217 2952 1289 3004 tan·

345 3066 466 3150 gendos
498 3065 612 3127 efficax
644 3076 715 3138 est,
748 3063 838 3146 quod
868 3059 995 3126 Chorus
1016 3063 1207 3127 recordatur
1229 3065 1289 3148 hy-

346 3186 487 3262 meuaei,
512 3206 578 3270 quo
600 3185 766 3269 quondam
787 3185 928 3247 eundem
946 3181 1184 3247 Prometheum
1208 3184 1289 3247 cele-

346 3305 496 3370 braverat
520 3304 587 3394 (3),
618 3306 708 3390 cujus
737 3307 823 3369 mala
857 3326 946 3368 nunc
979 3302 1079 3368 flebili
1111 3309 1202 3390 elego
1231 3307 1290 3369 de.

346 3429 465 3510 plorat.
533 3415 539 3428 ⁵

346 3549 505 3561 -Ι

383 3598 427 3668 (1)
446 3603 516 3668 „Sic
535 3607 629 3655 tesselu
649 3607 737 3657 durch
766 3605 818 3655 deu
843 3603 968 3654 Wechsel
993 3603 1043 3653 der
1069 3603 1282 3666 ergreilendsteu

346 3701 537 3766 murmane
557 3702 718 3765 Bernhardy
737 3703 785 3753 1.Ι.
805 3715 832 3765 p.
853 3699 915 3752 760.

384 3791 427 3862 (2)
446 3796 579 3851 Convenit
598 3799 651 3850 hoc
670 3811 779 3850 carmen
800 3800 932 3860 exparte
952 3809 1013 3846 eum
1031 3793 1067 3846 ils
1086 3808 1157 3858 quae
1177 3795 1207 3847 iu
1220 3796 1287 3848 0ed.

346 3897 556 3960 heptagonus
577 3909 612 3946 ru
633 3895 686 3946 868
706 3909 766 3959 sqq.
785 3896 827 3947 ed.
848 3895 936 3946 Herm.

382 3987 426 4056 (3)
444 3993 508 4044 Veri
526 3992 615 4045 simile
634 3995 675 4044 est
693 3992 723 4044 in
742 3993 834 4058 prima
853 3991 982 4057 trllogiae
1001 3991 1106 4053 tabula,
1125 3990 1286 4042 Prometheo

346 4091 484 4156 Iguttero,
511 4090 560 4143 ubi
578 4088 729 4142 Oeeeuides
757 4090 840 4143 etiam
868 4089 951 4142 chori
977 4091 1070 4164 partes
1096 4089 1210 4152 egerunt
1236 4076 1288 4145 (ra.
