2902 5004
545 377 705 432 ..13-

200 585 243 650 Et
279 583 425 668 primum
463 577 596 663 quidem
637 577 830 660 Aeschylus,
868 596 971 658 quum
1001 574 1104 658 probe

157 707 298 782 sentiret,
320 716 482 789 quantum
506 722 544 762 ex
566 710 642 781 apto
665 694 850 782 argumenti
876 695 1002 759 delectu
1028 717 1107 782 pen.-

157 833 265 900 deret‘‚
300 825 422 908 quippe
457 822 545 905 quod
578 820 651 903 jure
682 817 867 882 Aristoteles
884 819 1107 912 principium

158 933 189 1012 at
220 948 323 1036 quasi
347 946 459 1008 vitam
484 938 683 1028 tragoediae
717 937 891 1031 vocat(l.)‚
929 941 970 1002 ad
1003 937 1107 1022 epicos

156 1075 267 1154 positas
299 1087 331 1132 se
348 1063 502 1129 ,contulit
538 1076 570 1126 et
596 1084 632 1126 ex
659 1061 792 1132 illorum
815 1060 1014 1126 carminibus
1035 1081 1108 1148 gra·

157 1191 287 1257 vissima
316 1206 463 1270 quaeque
485 1197 681 1269 argumenta
706 1182 811 1267 petiit.
857 1182 1032 1246 Recensuit
1052 1203 1107 1267 cy·

159 1315 248 1376 clum
281 1289 467 1370 fabularum
505 1305 739 1387 Trojanarum‚
777 1317 809 1368 et
831 1305 982 1388 stirpium
1004 1305 1109 1390 regia·
1182 1291 1185 1300 ’

161 1453 257 1506 rum,
290 1451 371 1514 quae
389 1426 474 1491 bello
497 1427 657 1511 Trojano,
678 1429 740 1497 ‚vel
759 1439 887 1509 postea,
920 1429 1107 1502 eluxerant,

163 1553 229 1638 fata
248 1548 479 1632 spectatoribus
503 1547 537 1610 in
558 1568 652 1611 scena
676 1547 843 1624 exhibuit3
876 1547 955 1610 adiit
978 1549 1110 1632 mythos
1135 1621 1137 1626 ¹

116 1729 118 1736 ,
163 1670 332 1736 Bacchicos
363 1683 395 1732 et
432 1668 622 1746 Thebanos3
659 1667 764 1753 tetigit
800 1668 898 1731 etiam
933 1668 1109 1754 singulares

164 1795 374 1878 quorundam
415 1792 555 1853 heroum
600 1791 864 1872 daemonumque
894 1789 1035 1867 fabulas3
1071 1833 1112 1842 -

165 1916 313 1980 universe
334 1897 446 1975 tamen
468 1910 672 1984 Homerum,
690 1909 825 1992 fontem
849 1905 1111 1997 illum‘ingenio-

164 2057 265 2112 rum,
294 2040 365 2094 non'
390 2051 502 2092 rerum
519 2033 625 2092 solum
650 2051 728 2112 quas
750 2031 917 2105 tractavit,
942 2034 996 2094 sed
1013 2033 1114 2096 ratio·

165 2156 215 2246 nis
262 2153 359 2217 etiam
387 2172 459 2233 .qua
491 2123 677 2232 conscripsit
706 2163 874 2244 auctorem
901 2152 1024 2216 babuit.
1072 2153 1115 2216 Et

170 2249 279 2360 duales
301 2285 376 2336 sunt
397 2272 502 2358 mytbi
526 2271 594 2346 illi,
613 2293 774 2354 quaenam
793 2260 1002 2354 'potissimum
1017 2297 1114 2360 argu-

168 2407 297 2471 menta,
310 2415 404 2478 -quae
421 2415 460 2455 ex
482 2391 577 2475 epicis
601 2393 706 2456 bausit
724 2393 925 2480 Aeschylus?
949 2395 997 2459 Ea
1017 2397 1113 2460 nimi-

168 2541 245 2583 rum
278 2537 362 2600 quae
396 2527 512 2608 natura
547 2533 603 2576 sua
636 2513 844 2576 convenirent
861 2516 1009 2606 consilio,
1048 2539 1114 2603 quo

169 2638 320 2703 omnium
362 2634 489 2718 primus
530 2634 704 2718 Aeschylus
740 2637 937 2721 tragoediam
974 2623 1113 2704 tractare

170 2759 309 2824 instituit
347 2766 380 2820 et
405 2777 471 2840 quo
506 2755 611 2819 effecit
638 2767 674 2818 ut
712 2739 958 2844 φιλοσοφώτερον
993 2764 1115 2846 ποίησις

88 2933 91 2942 .
173 2883 309 2964 ἱστορίας
335 2879 398 2943 dici
418 2879 562 2962 potuerit
577 2873 638 2966 (2).
684 2874 813 2961 Quippe
835 2880 1116 2958 hominumsacta,

88 3077 93 3084 ,
172 3004 292 3074 vitam,
311 3023 372 3064 fres
407 3001 560 3062 adversas
577 3012 609 3062 et
634 3019 802 3080 prosperas
824 2999 976 3064 describit
991 3000 1057 3090 (3),
1081 3017 1117 3068 ut

175 3131 330 3205 appareat
363 3140 463 3203 quam
492 3131 580 3182 arcta
615 3119 655 3182 sit
686 3133 801 3184 mutua
821 3141 934 3184 rerum
960 3124 1119 3190 humana-

114 3317 117 3322 ,
176 3215 253 3308 rum
279 3241 482 3325 conjunctio,
522 3253 554 3304 et
577 3243 743 3325 quomodo
767 3242 807 3305 ab
833 3240 1005 3309 hominum
1028 3249 1119 3311 factis

68 3427 71 3434 .
177 3387 291 3456 eorum
313 3385 379 3428 sors
401 3365 539 3459 pendeat
557 3362 622 3426 sive
647 3360 762 3439 tristis,
794 3365 858 3429 sive
878 3361 986 3432 laeta(
1019 3367 1121 3433 Docet
1201 3451 1203 3458 Α

212 3620 257 3690 (1)
276 3627 351 3680 rost.
369 3629 397 3680 c.
416 3629 442 3680 6.
480 3616 573 3694 ’Ama
603 3625 656 3692 μὲν
683 3615 729 3680 aiis
758 3623 807 3678 nal
826 3616 880 3680 ὀἷον
901 3623 982 3696 ψυχὴ
1003 3623 1015 3679 ὃ
1035 3627 1119 3696 μῦθος

182 3715 234 3786 ’,τῆς
254 3715 423 3791 τραγῳδίαις.

181 3843 184 3850 ’
216 3811 259 3882 (2)
278 3820 361 3872 Arist.
380 3819 456 3874 Ροὲῑ.
474 3819 500 3872 C.
521 3819 548 3871 9·

215 3908 259 3980 (3)
278 3915 316 3968 Da
334 3919 430 3968 nostro
449 3916 479 3968 in
500 3916 598 3980 primis
618 3919 690 3968 valet
707 3919 782 3980 quod
802 3918 876 3970 idem
896 3920 986 3983 cans
1005 3921 1122 3976 scribit:

179 4008 216 4066 ‘H
244 4009 300 4080 γὰρ
330 4005 475 4080 τραγῳδίαι
504 4007 624 4078 μίμησίς
652 4005 733 4066 ἔστιν
761 4007 809 4066 οὐκ
847 4005 1002 4080 ἀνθρώπων,
1036 3993 1125 4074 Ἰἀλλὰ

182 4097 328 4176 πράξεων,
349 4105 398 4163 καὶ
418 4102 500 4173 βίον,
520 4104 570 4161 καὶ
590 4101 788 4177 εὐδαιμονίας,
809 4108 858 4164 καὶ
877 4105 1106 4183 annotaturum.
