2902 5004
763 307 860 372 -tt
882 337 920 346 ..

1113 387 1126 420 t·

372 502 503 576 licebit,
539 514 669 566 tantum
705 521 838 566 monere
869 501 979 578 volui,
1015 499 1317 586 antiquissimarum
1413 491 1414 576 ζ

364 625 558 689 :fabularum
588 622 751 688 actionem
774 623 919 686 maxime
943 621 1044 686 Chori
1068 607 1222 705 pertibus
1238 644 1322 704 con-q

372 746 484 820 tineri,
514 765 626 836 ¹neque
657 743 818 810 actionem
851 756 884 807 et
916 755 1050 808 contum
1073 743 1146 808 satis
1168 729 1318 806 accurate

372 869 405 929 in
429 868 464 930 iis
487 866 652 950 distingui:
677 883 899 949 -quaeres
923 885 1126 950 quamquam
1151 863 1183 926 in
1206 855 1319 928 recen·
1414 847 1415 882 ³

310 959 313 966 Δ
370 987 505 1052 tioribus
529 986 626 1050 etiam
663 967 809 1061 obtinet,
843 985 901 1052 ubi
937 984 1062 1050 Chorus
1098 975 1234 1050 subinde
1268 985 1319 1050 rei

370 1108 529 1194 gerendae
562 1127 606 1198 se,
626 1105 805 1183 immiscet,
841 1107 909 1170 imo
940 1107 1110 1190 primarias
1142 1089 1320 1192 aliquando

369 1241 477 1322 ¹pestes
500 1227 587 1315 agit,
622 1209 818 1293 tamenhoc
841 1229 959 1320 etalio
992 1231 1092 1293 modo
1114 1229 1172 1303 fit,
1205 1241 1238 1296 et
1260 1250 1317 1291 re-

371 1341 538 1434 liquarum
573 1348 717 1431 partium
749 1350 943 1431 praestantia
978 1351 1149 1435 totiusque¹
1164 1351 1320 1415 dramatis

371 1471 483 1548 ordine
518 1483 755 1553 compensatur.
807 1469 981 1535 Paullatim
1016 1472 1104 1535 enim
1139 1472 1328 1558 Aeschylus

371 1591 497 1673 aptiora
521 1604 714 1678 argumenta
736 1612 867 1655 sumere
887 1605 919 1656 et
943 1593 1077 1657 minutis
1101 1593 1233 1658 canticis
1251 1615 1335 1658 ser--

343 1729 346 1736 ’
372 1733 484 1790 mones
510 1713 630 1776 variare
659 1711 776 1795 coepit.
823 1713 865 1777 Et
889 1734 1092 1798 quamquam
1116 1713 1316 1787 identidem,

371 1836 396 1899 si
420 1831 588 1898 histriones
611 1835 657 1897 rei
681 1836 839 1921 gerendae
856 1855 923 1898 non
936 1835 1143 1913 sufficerent,
1169 1832 1318 1900 Chorum

374 1958 415 2020 ad
439 1937 696 2038 partesvocavit
731 1957 862 2040 ejusque
897 1955 1043 2028 cantibus
1076 1959 1127 2019 vel
1161 1956 1319 2019 sermoni-

374 2077 617 2164 buslongiores
637 2097 877 2161 nonnunquam
909 2090 998 2142 actus
1032 2077 1196 2160 implevit;
1229 2078 1320 2160 spica

373 2211 485 2262 tamen
509 2221 527 2260 a
549 2197 677 2282 lyricis,
712 2211 872 2281 quantum
896 2199 968 2262 fieri
990 2199 1117 2281 potuit,
1141 2199 1319 2281 separavit,

185 2307 188 2314 ’
275 2375 277 2380 .
371 2340 479 2402 neque
503 2315 651 2382 Chorum
686 2318 844 2382 ricarium
868 2321 968 2382 modo
999 2316 1197 2383 histrionum
1221 2320 1323 2397 fecit,

369 2444 424 2506 sed
447 2443 513 2525 ejus
548 2462 718 2524 personam
754 2440 939 2506 concinnius
972 2462 1050 2504 cum
1084 2440 1317 2524 compositione

315 2577 317 2580 ’
371 2563 500 2650 fabulae
519 2563 697 2639 contexuit,
723 2576 761 2626 ut
783 2565 882 2626 modo
906 2555 1209 2647 protagonistae'ad
1232 2565 1317 2625 latus

372 2695 462 2763 esset,
484 2685 574 2766 cujus
587 2681 730 2746 ferocem
742 2683 892 2746 animum
907 2683 1024 2747 leniret
1038 2703 1141 2768 eoque
1159 2696 1318 2768 spectato

371 2805 461 2868 ribus
482 2803 583 2890 magis
607 2804 869 2887 conspiciendum
892 2806 1042 2869 redderet
1061 2804 1196 2887 (Prom.
1212 2807 1317 2870 sinet.

372 2941 403 2992 et
426 2923 518 3012 Sept.
542 2949 571 2993 c.
596 2923 727 3014 Theb.);
765 2927 863 2990 modo
885 2925 1051 2990 labantem
1074 2927 1141 3009 ejus
1164 2926 1317 2990 animum
1419 2989 1420 2994 ,

371 3050 526 3135 erigeret,
562 3051 606 3113 ad
625 3037 789 3135 agendum
813 3048 960 3112 incitaret
982 3061 1015 3142 et
1041 3046 1229 3112 divinorum
1247 3031 1317 3128 'jus-
1419 3059 1420 3130 j

316 3155 321 3162 ’
372 3191 468 3232 suum
492 3171 683 3233 admoneret
702 3166 887 3258 (Obsessis).
900 3206 944 3220 -
966 3169 1053 3234 Alibi
1067 3167 1194 3234 Chorus
1211 3169 1318 3232 inter-

372 3303 472 3357 ventu
493 3311 551 3355 suo
574 3292 711 3356 diversos
734 3291 928 3355 histrionum
952 3302 1057 3374 portes
1080 3289 1170 3374 quasi
1187 3289 1318 3354 viuculo

275 3451 277 3458 ν
374 3413 516 3498 colligit,
549 3413 630 3476 dum
664 3412 861 3476 carminibus
884 3413 946 3476 suis
976 3425 1098 3476 mentes
1128 3413 1169 3476 ad
1191 3411 1316 3476 tristem

374 3534 528 3598 dramatis
550 3533 676 3610 exitum
698 3547 871 3617 praeparat
895 3530 1070 3622 (Agom.);
1095 3569 1138 3582 -
1162 3547 1219 3597 aut
1237 3553 1318 3615 pro-

348 3633 548 3742 'tagonistae
579 3651 748 3720 adversans
781 3654 927 3719 fabulam
961 3655 1137 3720 identidem
1171 3649 1320 3738 impbcop

372 3792 404 3842 et
439 3775 568 3840 canticis
601 3775 666 3840 suis
705 3777 818 3864 ingens
857 3779 898 3840 ad
917 3779 1120 3861 0augendam
1155 3777 1319 3840 actionem

373 3911 580 3962 momentum
616 3893 716 3962 habet
751 3897 941 3984 (Eumeis).
998 3899 1145 3983 Denique
1181 3919 1316 3992 morum

366 4019 534 4084 sanctitate
569 4034 600 4084 et
624 4019 778 4105 religione
803 4019 930 4087 Chorus
956 4021 1059 4086 ubivis
1084 4024 1223 4085 deorum
1248 4019 1318 4100 pie·
