3016 5000
594 349 753 401 ...95-

203 559 288 638 leges
317 561 458 622 tuentes,
493 546 545 629 pie
574 560 748 630 sancteque
780 545 964 611 virentibus
994 561 1146 629 parcant3

207 674 261 759 qui
287 691 366 735 vero
389 670 485 732 caede
508 689 541 731 se
567 669 764 750 polluerint,
788 687 840 731 eos
862 669 985 732 assidua
1011 669 1150 733 vindicta

207 805 453 880 persequantur.
482 787 559 852 Ideo
581 802 724 853 matrem
745 786 882 852 Noctem
903 811 937 852 se
952 811 1041 853 nunc
1058 791 1174 854 obte-'

207 913 299 990 stari,
337 913 428 996 quod
476 911 615 993 Apollo,
658 913 852 974 sceleratum
887 911 996 975 debito
1029 909 1153 995 suppli·

207 1037 255 1100 cio
289 1033 449 1116 eripiens,
483 1031 629 1114 ipsarum
654 1045 848 1115 potestatem
874 1033 1053 1120 infringere
1085 1055 1152 1097 non

208 1168 369 1220 vereatur.
415 1151 555 1218 Parcam
577 1153 667 1216 enim
695 1154 806 1218 votiva
831 1155 892 1218 sibi
920 1156 1064 1219 carmina
1095 1158 1152 1220 de·

206 1277 308 1352 disse,
344 1275 463 1360 quibus
505 1275 621 1356 impios
655 1277 696 1338 ad
744 1289 889 1340 mortem
924 1299 1027 1362 usque
1072 1279 1152 1344 inse-

208 1410 357 1473 ctentur;
393 1417 491 1478 seque
523 1417 680 1478 superum
712 1397 891 1463 honoribus
920 1399 1085 1464 destitutas
1119 1413 1153 1464 et

210 1519 246 1582 ab
264 1538 383 1581 eorum
399 1516 550 1580 societate
567 1529 719 1591 remotas,
743 1517 835 1582 triste
852 1520 968 1582 domos
986 1521 1151 1583 evertendi

211 1660 326 1703 munus
359 1638 516 1720 accepisse
550 1638 649 1722 idque
680 1651 771 1702 tanta
805 1640 962 1726 religione
998 1643 1152 1726 exsequi,

216 1775 312 1825 utne
346 1759 525 1824 fortissimo
547 1761 681 1844 quidem
704 1763 896 1825 mortalium
921 1775 1067 1846 parcant.
1113 1759 1154 1826 Se

211 1882 360 1966 precibus
394 1879 571 1946 hominum
603 1882 746 1946 invocari
775 1897 808 1947 et
838 1885 975 1947 deorum
1006 1884 1154 1966 partibus

214 2005 328 2092 fungi,
350 2025 471 2086 nempe
503 2005 701 2069 sanctissimo
735 2003 896 2069 vindictae
920 2026 1076 2082 munere,
1100 2026 1153 2068 eo·

157 2156 162 2164 ·
216 2147 280 2210 que
313 2125 547 2190 contumeliam
584 2127 786 2210 compensari
818 2148 883 2210 qua
912 2125 1040 2210 Jupiter
1073 2127 1153 2210 ipsas

216 2248 382 2324 affecerat,
405 2260 564 2332 tanquam
587 2249 731 2331 impuras
754 2271 773 2310 a
796 2248 983 2312 coelestium
1004 2248 1155 2312 societate

155 2361 158 2372 ’
212 2390 336 2434 arcens.
382 2367 519 2432 Terram
551 2369 654 2455 igitur
677 2384 887 2455 pervagantes
910 2370 1029 2454 impios
1051 2391 1085 2434 se
1107 2370 1157 2432 in·

210 2492 361 2556 sectando
380 2491 517 2576 fatigare
538 2504 571 2554 et
593 2512 728 2576 gravem
752 2491 787 2554 iis
809 2491 988 2573 perniciem
1010 2503 1154 2555 struere:

210 2633 446 2698 quemcunque
479 2611 567 2676 enim
602 2613 742 2686 adeant,
789 2611 821 2675 ei
848 2613 1008 2676 honorem
1043 2625 1076 2676 et
1109 2615 1156 2676 fa·

209 2755 304 2800 mam
335 2734 442 2818 perire
465 2746 498 2796 et
528 2735 668 2796 domum
700 2733 838 2818 caligine
868 2735 1006 2798 offusam
1029 2734 1155 2820 gemitu

211 2855 354 2938 impleri.
367 2890 413 2904 -
435 2851 515 2938 Quis
533 2855 635 2940 igitur
651 2855 843 2918 mortalium
867 2855 1007 2936 ipsarum
1031 2875 1156 2916 numen

211 2976 314 3040 nullis
335 2977 533 3040 flectendum
556 2975 705 3058 precihus
728 2977 816 3055 haud
834 2973 1043 3040 revereatur?
1076 2972 1157 3059 Quis

212 3099 352 3162 honores
387 3099 524 3182 deneget
554 3096 590 3160 iis
628 3118 769 3180 quarum
794 3116 914 3159 munus
935 3095 1088 3160 divinitus
1116 3096 1157 3159 sit

211 3219 395 3296 sancitum,
428 3217 553 3283 etiamsi
588 3218 701 3284 invisas
727 3232 760 3282 et
783 3219 932 3283 obscuras
954 3220 1042 3282 sedes
1065 3219 1156 3298 inha-

213 3340 344 3404 bitent?
370 3342 428 3430 (vs.
451 3337 615 3428 teo-360)

259 3463 398 3528 Interim
422 3483 590 3548 progressa
616 3461 650 3524 in
672 3483 801 3526 scenam
829 3459 1007 3540 Minurus,
1031 3475 1064 3526 et
1084 3463 1112 3527 F
1114 3485 1158 3526 u-

212 3585 337 3650 riarum
362 3605 464 3669 aeque
487 3596 585 3668 atque
608 3580 728 3647 Orestis
749 3583 965 3666 praesentiam
985 3585 1158 3658 admirata,

213 3718 366 3790 utrosque
389 3705 446 3790 qui
470 3717 502 3768 et
525 3707 634 3789 quales
656 3703 722 3768 sint
744 3725 908 3787 exponere
928 3705 1035 3788 jubet.

259 3823 396 3891 Narrant
413 3826 441 3891 F
443 3821 531 3890 llriae
549 3847 650 3913 genus
673 3848 769 3890 suum
794 3839 827 3890 et
849 3827 959 3903 officii,
984 3827 1070 3910 quod
1092 3847 1159 3890 sus-

211 3947 340 4022 tinent,
374 3949 555 4012 rationem:
590 3947 762 4012 sciscitanti
789 3948 867 4012 deae
889 3945 1070 4032 significant
1093 3967 1160 4030 quo

168 4098 173 4107 ·
209 4073 287 4156 jure
316 4071 439 4136 huncce
461 4070 643 4154 supplicem
667 4081 922 4154 persequantur:
944 4069 1029 4152 jussa
1052 4067 1160 4132 divina
