2902 5004
703 307 863 360 2-28-

320 510 480 576 concitare
503 506 654 592 potuerit.
678 504 761 568 Huic
784 526 879 568 curae
903 505 1102 590 indulgentes
1126 504 1254 565 luctum

321 647 352 696 et
375 630 628 714 desperationem
652 627 747 692 totius
769 625 862 690 Asiae
889 637 1109 712 augurantur,
1134 624 1158 688 si
1183 623 1260 687 fusis

321 752 420 816 Persis
431 753 536 815 hostes
555 751 689 815 victores
703 749 871 814 evaserint.
896 747 1078 824 „Gcmitus,
1093 743 1260 830 inquiunt,

320 874 432 938 orbata
463 871 541 938 Susa
573 873 798 956 oppidumque
821 867 958 934 Cissium
983 869 1082 944 cient,
1107 879 1139 930 et
1159 865 1260 929 femi·

320 1015 400 1070 nae,
424 992 521 1056 scissis
546 990 704 1068 vestibus,
727 1003 853 1074 ereptos
875 988 935 1054 sibi
960 987 1090 1078 maritos
1114 1007 1260 1070 conque·

319 1117 455 1180 rentur”
483 1116 541 1203 (vs.
568 1109 718 1192 1-135).

366 1233 444 1298 Mox
479 1233 579 1298 metui
612 1232 755 1299 succedit
785 1231 995 1304 deliberatio,
1019 1231 1185 1315 quomodo
1221 1231 1261 1292 dc

321 1357 477 1418 exercitus
489 1366 574 1418 statu
598 1353 746 1418 certiores
768 1354 859 1428 fiant,
873 1374 978 1436 quum
989 1351 1104 1416 Xerxis
1120 1361 1261 1414 matrem

322 1475 476 1538 Arossan
514 1472 644 1555 prodire
681 1473 790 1536 rident
825 1493 963 1555 eamque
996 1470 1134 1555 blandisJ
1157 1469 1263 1534 verbis

320 1597 459 1660 salutant
481 1591 538 1682 (νε.
562 1593 737 1679 136.154).

365 1709 505 1774 Veretur
528 1710 592 1787 illa,
617 1731 658 1773 ne
680 1711 834 1774 infestum
858 1710 988 1795 aliquod
1011 1732 1134 1774 numen
1158 1713 1263 1795 impe-

245 1837 248 1846 ’
322 1833 360 1896 rii
380 1833 490 1906 saluti,
514 1853 532 1896 a
556 1831 653 1896 Dario
676 1831 853 1907 stabilitae,
878 1832 1003 1897 insidias
1027 1845 1147 1912 struot;
1173 1837 1263 1918 quod
1343 1823 1348 1830 ⁸

322 1976 381 2019 cur
413 1966 537 2018 metuat
569 1954 732 2036 duplicem
765 1953 862 2018 habet
898 1975 1059 2031 caussam,
1095 1976 1196 2038 quam
1230 1976 1264 2018 se

322 2077 367 2142 ait
413 2076 654 2140 communicare
701 2077 782 2138 velle
826 2097 901 2139 cum
936 2073 1084 2150 senibus,
1119 2097 1263 2160 quorum

323 2197 457 2261 consiliis
488 2196 581 2259 unice
612 2196 755 2259 confidit.
801 2194 841 2258 Hi
865 2209 1039 2280 postquam
1062 2219 1094 2260 se
1125 2197 1264 2262 libenter

323 2319 357 2381 in
383 2317 513 2382 consilio
535 2315 666 2402 reginae
695 2315 839 2379 adhiberi
860 2318 942 2381 velle
968 2317 1265 2400 pronuntiaverunt

325 2444 385 2522 (νε.
422 2433 600 2522 tte-171),
634 2436 744 2500 Atossa
775 2458 925 2500 enarrare
943 2437 1056 2520 incipit
1076 2439 1263 2515 somnium,

325 2562 414 2645 quod
442 2559 607 2643 superiore
628 2571 723 2623 nocte
746 2557 925 2634 habuisset,
949 2559 1145 2644 signumque
1167 2581 1264 2624 mane

325 2703 344 2746 a
365 2701 398 2743 se
421 2679 535 2755 visum3
560 2680 599 2740 de
622 2691 762 2760 utroque
777 2689 888 2740 tamen
906 2674 986 2761 quid
1005 2676 1153 2752 sentiant,
1176 2698 1264 2742 senes

324 2798 502 2882 prudenter
524 2795 627 2866 silent,
648 2787 781 2859 'censent
799 2808 929 2860 tantum
948 2809 1097 2878 oportere
1110 2818 1183 2860 eam
1205 2796 1264 2862 diis

324 2913 504 2998 supplicare
535 2925 567 2976 et
592 2911 750 2977 libamina
772 2916 914 2991 solvere,
938 2927 1036 3001 atque
1058 2915 1196 2980 Darium
1216 2917 1264 2981 in·

325 3053 422 3116 super
444 3031 580 3115 precari,
604 3044 642 3094 ut
668 3033 771 3096 fausta
798 3031 908 3096 omnia
927 3032 987 3096 sihi
1007 3033 1139 3118 filioque
1156 3035 1265 3099 mittat

328 3152 386 3242 (vs.
409 3151 589 3238 211-221).
634 3152 673 3216 Id
695 3174 728 3216 se
760 3154 922 3216 facturam
946 3154 1108 3235 promittit
1133 3155 1263 3234 Atossa;

325 3274 415 3358 prius
452 3292 529 3336 vero
561 3293 661 3355 quam
693 3273 821 3358 pergit,
857 3276 897 3337 de
920 3273 1124 3340 Athenarum
1160 3278 1266 3354 urbe,

326 3397 366 3460 de
404 3393 649 3458 Atheniensibus
681 3414 862 3478 eorumque
902 3395 1110 3483 belligerandi
1144 3401 1266 3465 ratione

328 3530 360 3580 et
395 3515 515 3580 viribus
550 3513 696 3579 Chorum
732 3517 911 3604 interrogat
941 3519 999 3605 (vs.
1024 3519 1203 3610 222-241).
1226 3562 1266 3572 —

328 3635 482 3701 Nondum
514 3635 647 3699 finitum
671 3650 739 3701 erat
763 3635 866 3702 Chori
896 3659 1105 3722 responsum,
1129 3663 1195 3728 quo
1217 3664 1267 3707 re·

328 3757 440 3843 ginam
475 3757 514 3819 de
548 3756 699 3821 omnibus
738 3757 909 3822 certiorem
952 3761 1118 3838 redderet,
1162 3785 1267 3849 quum

331 3875 472 3941 Nurrrus
504 3877 653 3960 prodiens
688 3880 892 3963 conspicitur.
955 3882 1015 3950 Hic
1049 3884 1267 3951 tristissimum

331 3995 538 4078 expeditionis
575 4010 727 4062 eventum
760 4002 872 4066 refert.
918 4000 992 4087 Quo
1015 4005 1130 4070 nuntio
1154 4007 1267 4071 misere
