3016 5000
582 288 738 348 -774-

186 493 374 557 immolatae
399 509 516 573 poenas
539 489 680 574 effugere
703 509 770 552 non
793 484 903 570 possit.
953 488 1021 554 Hoc
1048 493 1133 579 regis

187 614 342 679 delictum
367 613 400 706 in
423 625 554 696 pectore
578 611 687 674 fovens
722 609 926 674 continenter
948 611 1133 706 sollicitudi-

186 713 286 800 nibus¹
317 735 485 820 indulget,
522 741 554 795 et
589 730 690 794 animi
720 751 810 794 sensa
839 733 967 814 profert
997 753 1016 795 a
1051 736 1131 798 sesto

187 869 346 940 apparatu
360 868 402 931 ¹et
424 874 535 918 scenae
558 853 729 934 splendore
752 855 848 935 plane
869 853 1094 936 discrepantia.

229 975 354 1040 Deinde
378 985 510 1055 accepto
542 971 695 1036 victoriae
730 973 876 1050 nuntio,
896 975 1039 1037 secundo
1062 995 1133 1036 car-

186 1098 275 1162 mine
308 1093 434 1159 Chorus
466 1092 537 1158 iovi
560 1093 696 1178 quidem
719 1095 836 1179 gratias
867 1115 964 1180 agere
995 1095 1130 1180 ejusque

187 1215 369 1302 potentiam
393 1214 427 1277 in
450 1213 620 1298 puniendis
643 1215 789 1278 hostibus
821 1216 1028 1300 conspicuam
1052 1217 1141 1303 cele-¹

190 1339 286 1400 brare
318 1335 449 1418 incipit,
483 1337 537 1400 sed
570 1355 647 1398 mox
681 1337 788 1402 denuo
821 1336 854 1399 in
893 1336 996 1400 tristes
1030 1337 1135 1414 animi

193 1479 283 1522 curas
307 1468 339 1521 et
362 1455 567 1543 cogitationes
591 1455 772 1534 delabitur,
796 1459 860 1521 hoc
874 1447 1056 1540 'reputatum
1169 1427 1172 1432 ⁵

369 1578 404 1642 oo
428 1582 487 1660 γάρ
511 1575 596 1642 ἐστιν
620 1575 753 1653 ἔπαλξις

367 1695 509 1770 πλούτου
528 1699 605 1782 πρὸς
637 1703 729 1784 κόρον
753 1699 844 1785 ἀνδρὶ

367 1819 553 1886 λακτίσαντι
579 1819 699 1902 μεγάλα
725 1819 815 1895 δίκας

318 2010 321 2020 1
367 1943 493 2027 βωμὸν,
519 1945 561 2014 εἷς
586 1941 753 2022 ἀφάνειαν.
779 1939 837 2028 (vs.
862 1943 929 2005 373
952 1939 1046 2030 sqq.)
1117 1926 1120 1936 ¹

234 2061 347 2146 Quum
366 2065 429 2126 tale
444 2063 555 2126 fuisset
567 2060 822 2148 Agamemnonis
845 2063 987 2140 factum,
1012 2085 1134 2148 quum-

153 2213 155 2218 .
190 2205 254 2268 que
290 2184 420 2266 insuper
455 2182 633 2246 ambitione
667 2185 781 2246 ductus
816 2183 945 2260 multis,
986 2205 1065 2268 quos
1100 2185 1134 2247 in

190 2305 300 2370 Asiam
323 2304 481 2380 duxisset,
515 2305 629 2368 mortis
662 2325 770 2368 caussa
793 2275 978 2384 exstitisset,
1010 2304 1138 2372 Chorus

153 2485 156 2494 .
190 2428 298 2508 palam
322 2425 535 2509 pronuntiat,
558 2446 592 2489 se
614 2445 712 2510 grave
736 2424 815 2508 quid
838 2425 908 2512 regi
933 2441 1105 2492 metuere:

367 2557 454 2650 μένει
483 2565 512 2630 δ’
525 2568 655 2631 οἰκοῦσαι
677 2568 709 2630 τί
731 2592 790 2648 μου

369 2687 505 2774 μέριμνα
529 2687 741 2773 ννκτηριφές.
787 2769 790 2774 Ι

371 2817 446 2875 Τῶν
472 2789 676 2874 notesceret
701 2812 761 2904 γάρ
784 2811 839 2876 οὐκ

371 2935 505 2994 ἄσκοποι
531 2931 611 2994 θεοί.

236 3123 238 3132 Ι
273 3035 275 3040 ,
373 3049 530 3116 Κιλαιναὶ
558 3049 586 3115 δ’
601 3045 657 3116 οὖν
678 3051 836 3136 Ἐρινιίιρ
853 3059 954 3140 χρόνῳ

372 3175 506 3259 τυχηρὸν
530 3176 596 3238 ὄντ’
619 3177 697 3238 ἄνευ
719 3171 827 3250 δίκας,

373 3291 550 3379 παλιντνχῆ
575 3298 668 3381 τριβᾷ
693 3295 763 3382 βίον
805 3339 808 3348 ι

373 3418 485 3480 τιθεῖσ’
511 3417 661 3499 αἷμανρόν.
689 3417 747 3504 (vs.
775 3419 839 3481 448
865 3416 949 3504 sqq.)

195 3549 280 3624 Haec
302 3558 454 3645 cogitatio
477 3571 566 3622 tanta
594 3578 670 3622 eum
687 3565 774 3622 'cura
797 3558 968 3637 sollicitat,
1001 3574 1037 3624 ut
1069 3563 1140 3624 fau·

194 3696 257 3744 stos
290 3682 330 3743 de
355 3680 489 3744 victoria
516 3699 664 3743 rumores
675 3679 876 3758 '‘addubitet,
911 3703 1027 3766 eosque
1060 3683 1139 3746 falso

196 3824 214 3864 a
239 3803 297 3865 diis
320 3799 474 3884 dispersos
498 3799 625 3864 credat'

239 3921 412 4007 Postquam
425 3943 501 3987 vero
514 3936 639 3986 certum
657 3945 675 3986 a
690 3921 851 3990 Praecone
872 3895 1028 3988 nuntium
1047 3945 1141 3988 acce-

196 4045 254 4128 pit,
268 4065 347 4121 non,
372 4053 409 4110 ut
422 4059 673 4130 consentaneum
698 4061 778 4124 erat,
797 4047 915 4134 gaudio
927 4048 1074 4124 exsultat,
1085 4049 1141 4112 sed
